%%%%%%%%%%%%%%%%%%%%%%%%%%%%%%%%%%%%%%%%%%%%%%%%%%%%%%%%%%%%%%%%%%%%%%%%%%%%%%%%
% Denzel et al.
@article{Denzel16,
   author = {Denzel, Philipp and Diemand, Jürg and Angélil, Raymond},
   title = {Molecular dynamics simulations of bubble nucleation in dark matter
   detectors},
   journal = {Physical Review E},
   volume = {93},
   number = {1},
   year = {2016},
   month = {01},
   doi = {10.1103/physreve.93.013301},
   URL = {http://dx.doi.org/10.1103/PhysRevE.93.013301},
}

@article{Denzel20,
   author = {Denzel, Philipp and Mukherjee, Sampath and Coles, Jonathan P
   and Saha, Prasenjit},
   title = {Lessons from a blind study of simulated lenses:
   image reconstructions do not always reproduce true convergence},
   journal = {Monthly Notices of the Royal Astronomical Society},
   volume = {492},
   number = {3},
   pages = {3885–3903},
   year = {2020},
   month = {01},
   doi = {10.1093/mnras/staa108},
   URL = {http://dx.doi.org/10.1093/mnras/staa108},
}

@ARTICLE{Denzel20b,
  author = {{Denzel}, Philipp and {Coles}, Jonathan P. and {Saha}, Prasenjit and {Williams}, Liliya L.~R.},
  title = "{The Hubble constant from eight time-delay galaxy lenses}",
  journal = {arXiv e-prints},
  keywords = {Astrophysics - Cosmology and Nongalactic Astrophysics},
  year = {2020},
  month = {jul},
  eid = {arXiv:2007.14398},
  pages = {arXiv:2007.14398},
  archivePrefix = {arXiv},
  eprint = {2007.14398},
  primaryClass = {astro-ph.CO},
  adsurl = {https://ui.adsabs.harvard.edu/abs/2020arXiv200714398D},
  adsnote = {Provided by the SAO/NASA Astrophysics Data System}
}


%%%%%%%%%%%%%%%%%%%%%%%%%%%%%%%%%%%%%%%%%%%%%%%%%%%%%%%%%%%%%%%%%%%%%%%%%%%%%%%%
% Historic references
@article{HubblesLaw10,
  author = {Freedman, Wendy L. and Madore, Barry F.},
  title = {The Hubble Constant},
  journal = {Annual Review of Astronomy and Astrophysics},
  volume = {48},
  number = {1},
  pages = {673-710},
  year = {2010},
  doi = {10.1146/annurev-astro-082708-101829},
  URL = {https://doi.org/10.1146/annurev-astro-082708-101829}
}

@article {Kirshner04,
	author = {Kirshner, Robert P.},
	title = {Hubble{\textquoteright}s diagram and cosmic expansion},
	journal = {Proceedings of the National Academy of Sciences},
	publisher = {National Academy of Sciences},
	volume = {101},
	number = {1},
	pages = {8--13},
	year = {2004},
	issn = {0027-8424},
	doi = {10.1073/pnas.2536799100},
	URL = {https://www.pnas.org/content/101/1/8},
	eprint = {https://www.pnas.org/content/101/1/8.full.pdf},
}
  
@article{Walsh1979,
	author = {Walsh, D. and Carswell, R. F. and Weymann, R. J.},
	title = {0957 + 561 A, B: twin quasistellar objects or gravitational lens?},
	journal = {Nature},
	volume = {279},
	number = {5712},
	pages = {381--384},
	year = {1979},
	month = {05},
	day = {31},
  doi = {10.1038/279381a0},
	URL = {http://dx.doi.org/10.1038/279381a0}
}

@article{Young1981,
  author = {Young, P. and Deverill, R.~S. and Gunn, J.~E. and Westphal, J.~A.
  and Kristian, J.},
  title = {The triple quasar Q1115+080A, B, C - A quintuple
  gravitational lens image},
  journal = {Astrophysical Journal},
  volume = {244},
  pages = {723-735},
  year = {1981},
  month = {03},
  doi = {10.1086/158750},
  URL = {https://ui.adsabs.harvard.edu/abs/1981ApJ...244..723Y}
}

@article{Young1981b,
   author = {P. Young and J. E. Gunn and J. B. Oke and J. A. Westphal and J. Kristian},
   title = {Q0957+561 - Detailed models of the gravitational lens effect},
   journal = {The Astrophysical Journal},
   publisher = {{IOP} Publishing},
   volume = {244},
   pages = {736},
   year = {1981},
   month = {mar},
   doi = {10.1086/158751},
   url = {https://doi.org/10.1086%2F158751},
}

@book{Newton1704,
  title = {Opticks: Or, A Treatise of the Reflections, Refractions,
  Inflections and Colours of Light},
  author = {Newton, I.},
  year = {1704},
  publisher = {William Innys at the West-End of St. Paul's.}
}

@article {Soldner1804,
  author = {Soldner, J.},
  title = {\"Uber die Ablenkung eines Lichtstrahls von seiner geradlinigen
  Bewegung durch die Attraktion eines Weltk\"orpers, an welchem er nahe
  vorbeigeht},
  journal = {Annalen der Physik},
  volume = {370},
  number = {15},
  pages = {593--604},
  year = {1804},
  publisher = {WILEY-VCH Verlag},
  issn = {1521-3889},
  doi = {10.1002/andp.19213701503},
  URL = {http://dx.doi.org/10.1002/andp.19213701503}
}

@article{Eddington1920,
  author = {Frank Watson {Dyson} and Arthur Stanley {Eddington} and C. {Davidson}},
   title = {{IX}. A determination of the deflection of light by the sun{\textquotesingle}s gravitational field, from observations made at the total eclipse of May 29, 1919},
   journal = {Philosophical Transactions of the Royal Society of London. Series A, Containing Papers of a Mathematical or Physical Character},
   publisher = {The Royal Society},
   volume = {220},
   number = {571-581},
   pages = {291--333},
   year = {1920},
   month = {jan},
   doi = {10.1098/rsta.1920.0009},
   url = {https://doi.org/10.1098%2Frsta.1920.0009},
}

@article{Einstein1911,
   author = {A. Einstein},
   title = {Über den Einflu{\ss} der Schwerkraft auf die Ausbreitung des Lichtes},
   journal = {Annalen der Physik},
   publisher = {Wiley},
   volume = {340},
   number = {10},
   pages = {898--908},
   year = {1911},
   doi = {10.1002/andp.19113401005},
   url = {https://doi.org/10.1002%2Fandp.19113401005},
}

@article{Einstein1936,
	author = {Einstein, A.},
	title = {Lens-like action of a star by the deviation of light in the
  gravitational field},
	journal = {Science},
	volume = {84},
	number = {2188},
	pages = {506--507},
	year = {1936},
	publisher = {American Association for the Advancement of Science},
	issn = {0036-8075},
	doi = {10.1126/science.84.2188.506},
	URL = {http://science.sciencemag.org/content/84/2188/506}
}

@article{Zwicky1933,
  author = {{Zwicky}, F.},
  title = {Die Rotverschiebung von extragalaktischen Nebeln},
  journal = {Helvetica Physica Acta},
  volume = {6},
  pages = {110-127},
  year = {1933},
  month = {Jan},
  adsurl = {https://ui.adsabs.harvard.edu/abs/1933AcHPh...6..110Z},
  adsnote = {Provided by the SAO/NASA Astrophysics Data System},
}

@article{Zwicky1937,
  author = {Zwicky, F.},
  title = {Nebulae as Gravitational Lenses},
  journal = {Phys. Rev.},
  volume = {51},
  issue = {4},
  pages = {290--290},
  year = {1937},
  month = {Feb},
  publisher = {American Physical Society},
  doi = {10.1103/PhysRev.51.290},
  URL = {https://link.aps.org/doi/10.1103/PhysRev.51.290}
}

@article{Hubble1929,
  author = {Hubble, E.},
  title = {A relation between distance and radial velocity among extra-galactic nebulae},
  journal = {Proceedings of the National Academy of Sciences of the United States of America},
  volume = {15},
  pages = {168--173},
  year = {1929},
  doi = {10.1073/pnas.15.3.168},
}

@article{Muller1951,
   author = {C. A. Muller and J. H. Oort},
   title = {Observation of a Line in the Galactic Radio Spectrum: The Interstellar Hydrogen Line at 1,420 Mc./sec., and an Estimate of Galactic Rotation},
   journal = {Nature},
   publisher = {Springer Science and Business Media {LLC}},
   volume = {168},
   number = {4270},
   pages = {357--358},
   year = {1951},
   month = {sep},
   doi = {10.1038/168357a0},
   url = {https://doi.org/10.1038%2F168357a0},
}

@article{vandeHulst1954,
  author = {{van de Hulst}, H.~C. and {Muller}, C.~A. and {Oort}, J.~H.},
  title = {The spiral structure of the outer part of the Galactic System derived from the hydrogen emission at 21 cm wavelength},
  journal = {Bulletin of the Astronomical Institutes of the Netherlands},
  volume = {12},
  pages = {117},
  year = {1954},
  month = {May},
  adsurl = {https://ui.adsabs.harvard.edu/abs/1954BAN....12..117V},
  adsnote = {Provided by the SAO/NASA Astrophysics Data System}
}

@article{vandeHulst1951,
   author = {H. C. van de Hulst},
   title = {Observations of the interstellar hydrogen line of wave length 21 {CM} made at Kootwijk, Netherlands.},
   journal = {The Astronomical Journal},
   publisher = {{IOP} Publishing},
   volume = {56},
   pages = {144},
   year = {1951},
   month = {oct},
   doi = {10.1086/106564},
   url = {https://doi.org/10.1086%2F106564},
}

%%%%%%%%%%%%%%%%%%%%%%%%%%%%%%%%%%%%%%%%%%%%%%%%%%%%%%%%%%%%%%%%%%%%%%%%%%%%%%%%
% Books
@book{BinneyTremaine08,
  author = {{Binney}, James and {Tremaine}, Scott},
  title = {Galactic Dynamics: Second Edition},
  year = {2008},
  adsurl = {https://ui.adsabs.harvard.edu/abs/2008gady.book.....B},
  adsnote = {Provided by the SAO/NASA Astrophysics Data System}
}

@book{MagicEnv,
   author = {Prasenjit Saha and Paul A. Taylor},
   title = {The Astronomers{\textquotesingle} Magic Envelope},
   publisher = {Oxford University Press},
   year = {2018},
   month = {jul},
   doi = {10.1093/oso/9780198816461.001.0001},
   url = {https://doi.org/10.1093%2Foso%2F9780198816461.001.0001},
}

%%%%%%%%%%%%%%%%%%%%%%%%%%%%%%%%%%%%%%%%%%%%%%%%%%%%%%%%%%%%%%%%%%%%%%%%%%%%%%%%
% Lensing theory
@article{Blandford86,
  author = {Blandford, R. and Narayan, R.},
  title = {Fermat\'s principle, caustics, and the classification of
  gravitational lens images},
  journal = {Astrophysical Journal},
  volume = {310},
  pages = {568--582},
  year = {1986},
  month = {11},
  doi = {10.1086/164709}
}

@Inbook{Courbin02,
  author = {Courbin, Frederic and Saha, Prasenjit and Schechter, Paul L.},
  title = {Quasar Lensing},
  bookTitle = {Gravitational Lensing: An Astrophysical Tool},
  publisher = {Springer Berlin Heidelberg},
  address = {Berlin, Heidelberg},
  year = {2002},
  pages = {1--54},
  isbn = {978-3-540-45857-9},
  doi = {10.1007/3-540-45857-3_1}
}

@proceedings{SaasFee,
  author = {Meylan, Georges and Jetzer, Philippe and North, Pierre and Schneider, Peter and Kochanek, Christopher S. and Wambsganss, Joachim},
  title = {Gravitational Lensing: Strong, Weak and Micro},
  keywords = {Gravitational Lensing, Microlensing, Cosmology, Astrophysics},
  booktitle = {Saas-Fee Advanced Course 33: Gravitational Lensing: Strong, Weak and Micro},
  year = {2006},
  month = {Jan},
  archivePrefix = {arXiv},
  eprint = {astro-ph/0407232},
  primaryClass = {astro-ph},
  adsurl = {https://ui.adsabs.harvard.edu/abs/2006glsw.conf.....M},
  adsnote = {Provided by the SAO/NASA Astrophysics Data System},
}


%%%%%%%%%%%%%%%%%%%%%%%%%%%%%%%%%%%%%%%%%%%%%%%%%%%%%%%%%%%%%%%%%%%%%%%%%%%%%%%%
% Galaxies
@article{Conselice16,
   author = {Christopher J. Conselice and Aaron Wilkinson and Kenneth Duncan and Alice Mortlock},
   title = {{The} {Evolution} {of} {Galaxy} {Number} {Density} {at} $z<8$ {and} {its} {Implications}},
   journal = {The Astrophysical Journal},
   publisher = {American Astronomical Society},
   volume = {830},
   number = {2},
   pages = {83},
   year = {2016},
   month = {oct},
   doi = {10.3847/0004-637x/830/2/83},
   url = {https://doi.org/10.3847%2F0004-637x%2F830%2F2%2F83},
}

@article{Deason20,
   author = {Alis J Deason and Azadeh Fattahi and Carlos S Frenk and Robert J J Grand and Kyle A Oman and Shea Garrison-Kimmel and Christine M Simpson and Julio F Navarro},
   title = {The edge of the Galaxy},
   journal = {Monthly Notices of the Royal Astronomical Society},
   publisher = {Oxford University Press ({OUP})},
   volume = {496},
   number = {3},
   pages = {3929--3942},
   year = {2020},
   month = {jun},
   doi = {10.1093/mnras/staa1711},
   url = {https://doi.org/10.1093%2Fmnras%2Fstaa1711},
}

@article{Callingham19,
   author = {Thomas M Callingham and Marius Cautun and Alis J Deason and Carlos S Frenk and Wenting Wang and Facundo A G{\'{o}}mez and Robert J J Grand and Federico Marinacci and Ruediger Pakmor},
   title = {The mass of the Milky Way from satellite dynamics},
   journal = {Monthly Notices of the Royal Astronomical Society},
   publisher = {Oxford University Press ({OUP})},
   volume = {484},
   number = {4},
   pages = {5453--5467},
   year = {2019},
   month = {feb},
   doi = {10.1093/mnras/stz365},
   url = {https://doi.org/10.1093%2Fmnras%2Fstz365},
}

@article{Bovy17,
   author = {Jo Bovy},
   title = {Galactic rotation in Gaia {DR}1},
   journal = {Monthly Notices of the Royal Astronomical Society: Letters},
   publisher = {Oxford University Press ({OUP})},
   volume = {468},
   number = {1},
   pages = {L63--L67},
   year = {2017},
   month = {feb},
   doi = {10.1093/mnrasl/slx027},
   url = {https://doi.org/10.1093%2Fmnrasl%2Fslx027},
}

%%%%%%%%%%%%%%%%%%%%%%%%%%%%%%%%%%%%%%%%%%%%%%%%%%%%%%%%%%%%%%%%%%%%%%%%%%%%%%%%
% Groups and fossil galaxies
@article{Tully87,
  author = {Tully, R.~B.},
  title = {Nearby groups of galaxies. II - an all-sky survey within
  3000 kilometers per second},
  journal = {Astrophysical Journal},
  volume = {321},
  pages = {280--304},
  month = {Oct},
  year = {1987},
  doi = {10.1086/165629}
}

@article{Tully15,
	author = {Tully, R.~B.},
	title = {{GALAXY} {GROUPS}},
	journal = {Astronomical Journal},
	publisher = {{IOP} Publishing},
	volume = {149},
	number = {2},
	pages = {54},
	month = {Jan},
	year = {2015},
  doi = {10.1088/0004-6256/149/2/54},
	URL = {https://doi.org/10.1088%2F0004-6256%2F149%2F2%2F54}
}

@inproceedings{Mergers88,
  author = {Mamon, G.~A.},
  title = {Merger Rates in Simulated and Observed Groups of Galaxies},
  booktitle = {Large Scale Structures of the Universe},
  series = {IAU Symposium},
  volume = {130},
  pages = {545},
  editor = {Audouze, J. and Pelletan, M.-C. and Szalay, A. and Zel'dovich, Y.~B.
  and Peebles, P.~J.~E.},
  year = {1988}
}

@article{Mergers17,
  author = {Tempel, E. and Tuvikene, T. and Kipper, R. and Libeskind, N. I.},
	title = {Merging groups and clusters of galaxies from the SDSS data -
  The catalogue of groups and potentially merging systems},
	journal = {A\&A},
	volume = {602},
	pages = {A100},
	year = {2017},
	doi = {10.1051/0004-6361/201730499},
	URL = {https://doi.org/10.1051/0004-6361/201730499}
}

@article{Kundert,
	author = {Kundert, A. and D'Onghia, E. and Aguerri, J.~A.~L.},
	title = {Are Fossil Groups Early-forming Galaxy Systems?},
	journal = {Astrophysical Journal},
	publisher = {American Astronomical Society},
	volume = {845},
	number = {1},
	pages = {45},
	month = {Aug},
	year = {2017},
	doi = {10.3847/1538-4357/aa7b88},
	URL = {https://doi.org/10.3847%2F1538-4357%2Faa7b88}
}

@article{FossilMagGap,
    author = {Dariush, Ali A. and Raychaudhury, Somak and Ponman, Trevor J.
    and Khosroshahi, Habib G. and Benson, Andrew J. and Bower, Richard G.
    and Pearce, Frazer},
    title = {The mass assembly of galaxy groups and the evolution of
    the magnitude gap},
    journal = {Monthly Notices of the Royal Astronomical Society},
    volume = {405},
    number = {3},
    pages = {1873-1887},
    month = {06},
    year = {2010},
    doi = {10.1111/j.1365-2966.2010.16569.x},
    URL = {https://dx.doi.org/10.1111/j.1365-2966.2010.16569.x}
}

@article{XRayProps,
  author = {Mulchaey, John S.},
  title = {X-Ray Properties of Groups of Galaxies},
  journal = {Annual Review of Astronomy and Astrophysics},
  volume = {38},
  number = {1},
  pages = {289-335},
  year = {2000},
  doi = {10.1146/annurev.astro.38.1.289},
  URL = {https://doi.org/10.1146/annurev.astro.38.1.289}
}

@article{Fossil94,
  author = {Ponman, T. J. and Allan, D. J. and Jones, L. R. and Merrifield, M.
  and McHardy, I. M. and Lehto, H. J. and Luppino, G. A.},
  title = {A possible fossil galaxy group},
  journal = {Nature},
  volume = {369},
  pages = {462--464},
  year = {1994},
  month = {06},
  doi = {10.1038/369462a0},
  URL = {http://dx.doi.org/10.1038/369462a0}
}

@article{FossilCenter,
  author = {Jones, L. R. and Ponman, T. J. and Horton, A. and Babul, A.
  and Ebeling, H. and Burke, D. J.},
  title = {The nature and space density of fossil groups of galaxies},
  journal = {Monthly Notices of the Royal Astronomical Society},
  volume = {343},
  number = {2},
  pages = {627-638},
  year = {2003},
  doi = {10.1046/j.1365-8711.2003.06702.x},
  URL = {http://dx.doi.org/10.1046/j.1365-8711.2003.06702.x}
}

@article{FossilSurvey,
  author = {Santos, Walter A. and Mendes de Oliveira, Claudia
  and Sodré Jr., Laerte},
  title = {Fossil Groups in the Sloan Digital Sky Survey},
  journal = {Astronomical Journal},
  volume = {134},
  number = {4},
  pages = {1551},
  year = {2007},
  URL = {http://stacks.iop.org/1538-3881/134/i=4/a=1551}
}

@article{FossilProps,
  author = {La Barbera, F. and R. de Carvalho, R. and G. de la Rosa, I.
  and Sorrentino, G. and Gal, R. R. and Kohl-Moreira, J. L.},
  title = {The Nature of Fossil Galaxy Groups: Are They Really Fossils?},
  journal = {Astronomical Journal},
  volume = {137},
  number = {4},
  pages = {3942},
  year = {2009},
  URL = {http://stacks.iop.org/1538-3881/137/i=4/a=3942}
}

%%%%%%%%%%%%%%%%%%%%%%%%%%%%%%%%%%%%%%%%%%%%%%%%%%%%%%%%%%%%%%%%%%%%%%%%%%%%%%%%
% Fossil simulations
@article{Barnes89,
  author = {Barnes, Joshua E.},
  title = {Evolution of compact groups and the formation of elliptical
  galaxies},
  journal = {Nature},
  volume = {338},
  pages = {123--126},
  year = {1989},
  month = {3},
  doi = {10.1038/338123a0},
  URL = {http://dx.doi.org/10.1038/338123a0}
}

@article{FossilMillenium,
	author = {D\'iaz-Gim\'enez, E. and Muriel, H. and Mendes de Oliveira, C.},
	title = {Fossil groups in the Millennium Simulation - Evolution of the
  brightest galaxies},
	journal = {A\&A},
	volume = {490},
	number = {3},
	pages = {965--973},
	year = {2008},
	doi = {10.1051/0004-6361:200809760},
	URL = {https://doi.org/10.1051/0004-6361:200809760}
}


%%%%%%%%%%%%%%%%%%%%%%%%%%%%%%%%%%%%%%%%%%%%%%%%%%%%%%%%%%%%%%%%%%%%%%%%%%%%%%%%
% Lensing fossils
@article{LensingFossil,
  author = {Johnson, Lucas E. and Irwin, Jimmy A. and White III, Raymond E.
  and Wong, Ka-Wah and Maksym, W. Peter and Dupke, Renato A. and Miller, Eric D.
  and Carrasco, Eleazar R.},
  title = {Using Strong Gravitational Lensing to Identify Fossil Group
  Progenitors},
  journal = {Astrophysical Journal},
  volume = {856},
  number = {2},
  pages = {131},
  year={2018},
  URL = {http://stacks.iop.org/0004-637X/856/i=2/a=131}
}

@article{LensingDiscovery,
	author = {Schirmer, M. and Suyu, S. and Schrabback, T. and Hildebrandt, H.
   and Erben, T. and Halkola, A.},
	title = {J0454-0309: evidence of a strong lensing fossil group  falling into
  a poor galaxy cluster*},
	journal = {A\&A},
	year = {2010},
	volume = {514},
	pages = {A60},
	month = {5},
	doi = {10.1051/0004-6361/200913810},
	URL = {https://doi.org/10.1051/0004-6361/200913810}
}


%%%%%%%%%%%%%%%%%%%%%%%%%%%%%%%%%%%%%%%%%%%%%%%%%%%%%%%%%%%%%%%%%%%%%%%%%%%%%%%%
% Magnification exploits
@article{Quider09,
  author = {Quider, Anna M. and Pettini, Max and Shapley, Alice E. and
  Steidel, Charles C.},
  title = {The ultraviolet spectrum of the gravitationally lensed galaxy
  ‘the Cosmic Horseshoe’: a close-up of a star-forming galaxy at z∼ 2},
  journal = {Monthly Notices of the Royal Astronomical Society},
  volume = {398},
  number = {3},
  pages = {1263},
  year = {2009},
  doi = {10.1111/j.1365-2966.2009.15234.x},
  URL = {http://dx.doi.org/10.1111/j.1365-2966.2009.15234.x},
}

@article{Treu10,
  author = {Treu, Tommaso},
  title = {Strong Lensing by Galaxies},
  journal = {Annual Review of Astronomy and Astrophysics},
  volume = {48},
  number = {1},
  pages = {87--125},
  year = {2010},
  doi = {10.1146/annurev-astro-081309-130924},
  URL = {http://dx.doi.org/10.1146/annurev-astro-081309-130924}
}

@article{Newton11,
  author = {Newton, Elisabeth R. and Marshall, Philip J. and Treu, Tommaso
  and Auger, Matthew W. and Gavazzi, Raphäel and Bolton, Adam S. and
  Koopmans, Léon V. E. and Moustakas, Leonidas A.},
  title = {The Sloan Lens ACS Survey. XI. Beyond Hubble Resolution: Size,
  Luminosity, and Stellar Mass of Compact Lensed Galaxies
  at Intermediate Redshift},
  journal = {Astrophysical Journal},
  volume = {734},
  number = {2},
  pages = {104},
  year = {2011},
  month = {6},
  doi = {10.1088/0004-637X/734/2/104},
  archivePrefix = {arXiv},
  eprint = {1104.2608},
  URL = {http://stacks.iop.org/0004-637X/734/i=2/a=104}
}

@article{Zheng12,
	author = {Zheng, Wei and Postman, Marc and Zitrin, Adi and Moustakas, John
  and Shu, Xinwen and Jouvel, Stephanie and Host, Ole and Molino, Alberto
  and Bradley, Larry and Coe, Dan and Moustakas, Leonidas A.
  and Carrasco, Mauricio and Ford, Holland and Benitez, Narciso
  and Lauer, Tod R. and Seitz, Stella and Bouwens, Rychard and Koekemoer, Anton
  and Medezinski, Elinor and Bartelmann, Matthias and Broadhurst, Tom
  and Donahue, Megan and Grillo, Claudio and Infante, Leopoldo
  and Jha, Saurabh W. and Kelson, Daniel D. and Lahav, Ofer and Lemze, Doron
  and Melchior, Peter and Meneghetti, Massimo and Merten, Julian
  and Nonino, Mario and Ogaz, Sara and Rosati, Piero and Umetsu, Keiichi
  and van der Wel, Arjen},
	title = {A magnified young galaxy from about 500 million years after
  the Big Bang},
	journal = {Nature},
	volume = {489},
	number = {7416},
	pages = {406--408},
	year = {2012},
	month = {09},
	day = {20},
	publisher = {Nature Publishing Group, a division of Macmillan Publishers
  Limited. All Rights Reserved.},
  doi = {10.1038/nature11446},
	URL = {https://dx.doi.org/10.1038/nature11446}
}


%%%%%%%%%%%%%%%%%%%%%%%%%%%%%%%%%%%%%%%%%%%%%%%%%%%%%%%%%%%%%%%%%%%%%%%%%%%%%%%%
% Mass inference
@article{Kochanek91,
  author = {{Kochanek}, Christopher S.},
  title = {The Implications of Lenses for Galaxy Structure},
  journal = {Astrophysical Journal},
  volume = {373},
  pages = {354},
  year = {1991},
  month = {6},
  doi = {10.1086/170057},
}

@article{Kormann94,
  author = {{Kormann}, R. and {Schneider}, P. and {Bartelmann}, M.},
  title = {Isothermal elliptical gravitational lens models.},
  journal = {Astronomy and Astrophysics},
  volume = {284},
  pages = {285-299},
  year = {1994},
  month = {Apr},
  adsurl = {https://ui.adsabs.harvard.edu/abs/1994A&A...284..285K}
}
  
@article{TreuKoopmans02,
  author = {Treu, Tommaso and Koopmans, Léon~V.~E.},
  title = {The Internal Structure and Formation of Early-Type Galaxies:
  The Gravitational Lens System MG 2016+112 at z = 1.004},
  journal = {Astrophysical Journal},
  volume = {575},
  number = {1},
  pages = {87},
  year = {2002},
  doi = {10.1086/341216},
  URL = {http://stacks.iop.org/0004-637X/575/i=1/a=87}
}

@article{TreuKoopmans04,
  author = {Treu, Tommaso and Koopmans, Léon~V.~E.},
  title = {Massive Dark Matter Halos and Evolution of Early-Type Galaxies
  to z = 1},
  journal = {Astrophysical Journal},
  volume = {611},
  number = {2},
  pages = {739},
  year = {2004},
  doi = {10.1086/422245},
  URL = {https://doi.org/10.1086/341216}
}

@article{Koopmans03,
	author = {{Koopmans}, Léon~V.~E. and {Treu}, Tommaso},
	title = {The Structure and Dynamics of Luminous and Dark Matter in the
  Early-Type Lens Galaxy of 0047-281 at z=0.485},
	journal = {Astrophysical Journal},
	volume = {583},
	number = {2},
	pages = {606--615},
	year = {2003},
	month = {2},
  doi = {10.1086/345423},
	url = {https://doi.org/10.1086%2F345423},
}

@article{Koopmans09,
	author = {{Koopmans}, L.~~V.~E. and {Bolton}, A. and {Treu}, T.
  and {Czoske}, O. and {Auger}, M. W. and {Barnab{\`{e}}}, M.
  and {Vegetti}, S. and {Gavazzi}, R. and {Moustakas}, L. A. and {Burles}, S.},
	title = {The Structure and Dynamics of Massive Early-Type Galaxies:
  On Homology, Isothermality, and Isotropy Inside One Effective Radius},
	journal = {Astrophysical Journal},
	volume = {703},
	number = {1},
	pages = {L51--L54},
	year = {2009},
	month = {9},
  doi = {10.1088/0004-637x/703/1/l51},
	URL = {https://doi.org/10.1088%2F0004-637x%2F703%2F1%2Fl51},
}

@article{Koopmans06,
  author = {{Koopmans}, L.~V.~E. and {Treu}, T. and {Bolton}, A.~S.
  and {Burles}, S. and {Moustakas}, L.~A.},
  title = {The Sloan Lens ACS Survey. III. The Structure and Formation of
  Early-Type Galaxies and Their Evolution since z \~{} 1},
  journal = {Astrophysical Journal},
  volume = {649},
  pages = {599-615},
  year = {2006},
  month = {10},
  doi = {10.1086/505696},
  eprint = {astro-ph/0601628},
  adsurl = {http://adsabs.harvard.edu/abs/2006ApJ...649..599K},
  adsnote = {Provided by the SAO/NASA Astrophysics Data System}
}

@article{Read07,
  author = {{Read}, J.~I. and {Saha}, P. and {Macci{\`o}}, A.~V.},
  title = {Radial Density Profiles of Time-Delay Lensing Galaxies},
  journal = {Astrophysical Journal},
  year = {2007},
  month = {Oct},
  volume = {667},
  number = {2},
  pages = {645-654},
  doi = {10.1086/520714},
  adsurl = {https://ui.adsabs.harvard.edu/abs/2007ApJ...667..645R}
}

@article{Barnabe07,
  author = {Matteo Barnab{\`{e}} and Leon V. E. Koopmans},
  title = {A Unifying Framework for Self-consistent Gravitational Lensing and Stellar Dynamics Analyses of Early-Type Galaxies},
  journal = {The Astrophysical Journal},
  publisher = {{IOP} Publishing},
  volume = {666},
  number = {2},
  pages = {726--746},
  year = {2007},
  month = {sep},
  doi = {10.1086/520495},
  url = {https://doi.org/10.1086%2F520495},
}

@article{Auger10,
  author = {Auger, M. W. and Treu, T. and Bolton, A. S. and Gavazzi, R.
  and Koopmans, Léon V. E. and Marshall, P. J. and Moustakas, L. A.
  and Burles, S.},
  title = {The Sloan Lens ACS Survey X. Stellar, Dynamical, and Total Mass
  Correlations of Massive Early-type Galaxies},
  journal = {Astrophysical Journal},
  volume = {724},
  number = {1},
  pages = {511},
  year = {2010},
  doi = {10.1088/0004-637X/724/1/511},
  URL = {http://stacks.iop.org/0004-637X/724/i=1/a=511}
}

@article{Whitaker14,
  author = {Whitaker, Katherine E. and Rigby, Jane R. and Brammer, Gabriel B.
  and Gladders, Michael D. and Sharon, Keren and Teng, Stacy H.
  and Wuyts, Eva},
  title = {Resolved Star Formation on Sub-galactic Scales in a Merger
  at z = 1.7},
  journal = {Astrophysical Journal},
  volume = {790},
  number = {2},
  pages = {143},
  year = {2014},
  doi = {10.1088/0004-637x/790/2/143},
  URL = {http://stacks.iop.org/0004-637X/790/i=2/a=143}
}

@article{DEScluster17,
  author = {Collett, T.~E. and Buckley-Geer, E. and Lin, H. and Bacon, D.
  and Nichol, R.~C. and Nord, B. and Morice-Atkinson, X. and Amara, A.
  and Birrer, S. and Kuropatkin, N. and More, A. and Papovich, C.
  and Romer, K.~K. and Tessore, N. and Abbott, T.~M.~C. and Allam, S.
  and Annis, J. and Benoit-L\'evy, A. and Brooks, D. and Burke, D.~L.
  and Carrasco Kind, M. and Castander, F.~J.~J. and D'Andrea, C.~B.
  and da Costa, L.~N. and Desai, S. and Diehl, H.~T. and Doel, P.
  and Eifler, T.~F. and Flaugher, B. and Frieman, J. and Gerdes, D.~W.
  and Goldstein, D.~A. and Gruen, D. and Gschwend, J. and Gutierrez, G.
  and James, D.~J. and Kuehn, K. and Kuhlmann, S. and Lahav, O. and Li, T.~S.
  and Lima, M. and Maia, M.~A.~G. and March, M. and Marshall, J.~L.
  and Martini, P. and Melchior, P. and Miquel, R. and Plazas, A.~A.
  and Rykoff, E.~S. and Sanchez, E. and Scarpine, V. and Schindler, R.
  and Schubnell, M. and Sevilla-Noarbe, I. and Smith, M. and Sobreira, F.
  and Suchyta, E. and Swanson, M.~E.~C. and Tarle, G. and Tucker, D.~L.
  and Walker, A.~R.},
  title = {Core or cusps: The central dark matter profile of a redshift one
  strong lensing cluster with a bright central image},
  journal = {Astrophysical Journal},
  volume = {843},
  number = {2},
  pages = {148},
  year = {2017},
  month = {07},
  doi = {10.3847/1538-4357/aa76e6}
}

@article{Leier11,
  author = {Leier, Dominik and Ferreras, Ignacio and Saha, Prasenjit 
  and Falco, Emilio~E.},
  title = {Resolving the Baryon-fraction Profile in Lensing Galaxies},
  journal = {Astrophysical Journal},
  volume = {740},
  number = {2},
  pages = {97},
  year = {2011},
  doi = {10.1088/0004-637X/740/2/97},
  URL = {http://stacks.iop.org/0004-637X/740/i=2/a=97}
}

@article{Leier16,
  author = {Leier, Dominik and Ferreras, Ignacio and Saha, Prasenjit
  and Charlot, Stéphane and Bruzual, Gustavo and La Barbera, Francesco},
  title = {Strong gravitational lensing and the stellar IMF
  of early-type galaxies},
  journal = {Monthly Notices of the Royal Astronomical Society},
  volume = {459},
  number = {4},
  pages = {3677},
  year = {2016},
  doi = {10.1093/mnras/stw885},
  URL = {http://dx.doi.org/10.1093/mnras/stw885}
}

@article{Bruderer15,
   author = {Claudio Bruderer and Justin I. Read and Jonathan P. Coles and Dominik Leier and Emilio E. Falco and Ignacio Ferreras and Prasenjit Saha},
   title = {Light versus dark in strong-lens galaxies: dark matter haloes that are rounder than their stars},
   journal = {Monthly Notices of the Royal Astronomical Society},
   publisher = {Oxford University Press ({OUP})},
   volume = {456},
   number = {1},
   pages = {870--884},
   year = {2015},
   month = {dec},
   doi = {10.1093/mnras/stv2582},
   url = {https://doi.org/10.1093%2Fmnras%2Fstv2582},
}

@article{Nightingale19,
   title={Galaxy structure with strong gravitational lensing: decomposing the internal mass distribution of massive elliptical galaxies},
   ISSN={1365-2966},
   url={http://dx.doi.org/10.1093/mnras/stz2220},
   DOI={10.1093/mnras/stz2220},
   journal={Monthly Notices of the Royal Astronomical Society},
   publisher={Oxford University Press (OUP)},
   author={Nightingale, James W and Massey, Richard J and Harvey, David R and Cooper, Andrew P and Etherington, Amy and Tam, Sut-Ieng and Hayes, Richard G},
   year={2019},
   month={Aug}
}


%%%%%%%%%%%%%%%%%%%%%%%%%%%%%%%%%%%%%%%%%%%%%%%%%%%%%%%%%%%%%%%%%%%%%%%%%%%%%%%%
% Substructure
@article{Nierenberg17,
  author = {Nierenberg, A. M. and Treu, T. and Brammer, G. and Peter, A. H. G.
  and Fassnacht, C. D. and Keeton, C. R. and Kochanek, C. S. and Schmidt, K. B.
  and Sluse, D. and Wright, S. A.},
  title = "{Probing dark matter substructure in the gravitational lens
  HE 0435-1223 with the WFC3 grism}",
  journal = {Monthly Notices of the Royal Astronomical Society},
  volume = {471},
  number = {2},
  pages = {2224-2236},
  year = {2017},
  month = {06},
  doi = {10.1093/mnras/stx1400},
  URL = {https://doi.org/10.1093/mnras/stx1400}
}


%%%%%%%%%%%%%%%%%%%%%%%%%%%%%%%%%%%%%%%%%%%%%%%%%%%%%%%%%%%%%%%%%%%%%%%%%%%%%%%%
% Lensed AGNs
@article{Hutsemekers19,
  author = {{Hutsem{\'e}kers}, D. and {Braibant}, L. and {Sluse}, D.
  and {Goosmann}, R.},
  title = {Constraining the geometry and kinematics of the quasar broad emission
  line region using gravitational microlensing.
  II. Comparing models with observations in the lensed quasar HE0435-1223},
  journal = {Astronomy and Astrophysics},
  year = {2019},
  month = {Sep},
  volume = {629},
  eid = {A43},
  pages = {A43},
  doi = {10.1051/0004-6361/201731087},
}

@article{Tomozeiu18,
  author = {{Tomozeiu}, Mihai and {Mohammed}, Irshad and {Rabold}, Manuel
  and {Saha}, Prasenjit and {Wambsganss}, Joachim},
  title = {Microlensing as a possible probe of event-horizon structure
  in quasars},
  journal = {Monthly Notices of the Royal Astronomical Society},
  keywords = {gravitational lensing: micro, methods: numerical},
  year = {2018},
  month = {Apr},
  volume = {475},
  number = {2},
  pages = {1925-1936},
  doi = {10.1093/mnras/stx3166}
}

@article{Sluse12,
  author = {{Sluse}, D. and {Hutsem{\'e}kers}, D. and {Courbin}, F.
  and {Meylan}, G. and {Wambsganss}, J.},
  title = {Microlensing of the broad line region in 17 lensed quasars},
  journal = {Astronomy and Astrophysics},
  year = "2012",
  month = "Aug",
  volume = {544},
  eid = {A62},
  pages = {A62},
  doi = {10.1051/0004-6361/201219125}
}


%%%%%%%%%%%%%%%%%%%%%%%%%%%%%%%%%%%%%%%%%%%%%%%%%%%%%%%%%%%%%%%%%%%%%%%%%%%%%%%%
% Cosmology
@misc{Scott18,
  title = {The Standard Model of Cosmology: A Skeptic's Guide},
  author = {Douglas Scott},
  year = {2018},
  eprint = {1804.01318},
  archivePrefix = {arXiv},
  primaryClass = {astro-ph.CO}
}

%%%%%%%%%%%%%%%%%%%%%%%%%%%%%%%%%%%%%%%%%%%%%%%%%%%%%%%%%%%%%%%%%%%%%%%%%%%%%%%%
% Cosmological applications
@article{Refsdal64,
  author = {Refsdal, Sjur},
  title = { On the Possibility of Determining Hubble's Parameter and the Masses
  of Galaxies from the Gravitational Lens Effect ⋆},
  journal = {Monthly Notices of the Royal Astronomical Society},
  volume = {128},
  number = {4},
  pages = {307},
  year = {1964},
  doi = {10.1093/mnras/128.4.307},
  URL = {http://dx.doi.org/10.1093/mnras/128.4.307}
}

@article{BlandfordNarayan92,
  author = {Blandford, R. D. and Narayan, R.},
  title = {Cosmological Applications of Gravitational Lensing},
  journal = {Annual Review of Astronomy and Astrophysics},
  volume = {30},
  number = {1},
  pages = {311-358},
  year = {1992},
  doi = {10.1146/annurev.aa.30.090192.001523},
  URL = {http://dx.doi.org/10.1146/annurev.aa.30.090192.001523}
}

@article{Paraficz14,
  author = {Sereno, Mauro and Paraficz, Danuta},
  title = {Hubble constant and dark energy inferred from free-form determined
   time delay distances},
  journal = {Monthly Notices of the Royal Astronomical Society},
  volume = {437},
  number = {1},
  pages = {600},
  year = {2014},
  doi = {10.1093/mnras/stt1938},
  URL = {http://dx.doi.org/10.1093/mnras/stt1938}
}

@article{MACSJ1149.6+2223,
	author = {Kelly, Patrick L. and Rodney, Steven A. and Treu, Tommaso
  and Foley, Ryan J. and Brammer, Gabriel and Schmidt, Kasper B.
  and Zitrin, Adi and Sonnenfeld, Alessandro and Strolger, Louis-Gregory
  and Graur, Or and Filippenko, Alexei V. and Jha, Saurabh W.
  and Riess, Adam G. and Bradac, Marusa and Weiner, Benjamin J.
  and Scolnic, Daniel and Malkan, Matthew A. and von der Linden, Anja
  and Trenti, Michele and Hjorth, Jens and Gavazzi, Raphael
  and Fontana, Adriano and Merten, Julian C. and McCully, Curtis
  and Jones, Tucker and Postman, Marc and Dressler, Alan and Patel, Brandon
  and Cenko, S. Bradley and Graham, Melissa L. and Tucker, Bradley E.},
	title = {Multiple images of a highly magnified supernova formed by an
  early-type cluster galaxy lens},
	journal = {Science},
	volume = {347},
	number = {6226},
	pages = {1123--1126},
	year = {2015},
	publisher = {American Association for the Advancement of Science},
	issn = {0036-8075},
	doi = {10.1126/science.aaa3350},
	URL = {http://science.sciencemag.org/content/347/6226/1123}
}

@article {iPTF16geu,
	author = {Goobar, A. and Amanullah, R. and Kulkarni, S. R. and Nugent, P. E.
  and Johansson, J. and Steidel, C. and Law, D. and M{\"o}rtsell, E.
  and Quimby, R. and Blagorodnova, N. and Brandeker, A. and Cao, Y.
  and Cooray, A. and Ferretti, R. and Fremling, C. and Hangard, L.
  and Kasliwal, M. and Kupfer, T. and Lunnan, R. and Masci, F.
  and Miller, A. A. and Nayyeri, H. and Neill, J. D. and Ofek, E. O.
  and Papadogiannakis, S. and Petrushevska, T. and Ravi, V. and Sollerman, J.
  and Sullivan, M. and Taddia, F. and Walters, R. and Wilson, D. and Yan, L.
  and Yaron, O.},
	title = {iPTF16geu: A multiply imaged, gravitationally lensed type Ia
  supernova},
	journal = {Science},
	volume = {356},
	number = {6335},
	pages = {291--295},
	year = {2017},
	publisher = {American Association for the Advancement of Science},
	issn = {0036-8075},
	doi = {10.1126/science.aal2729},
	URL = {http://science.sciencemag.org/content/356/6335/291}
}

@article{Suyu17,
  author = {{Suyu}, S. H. and {Bonvin}, V. and {Courbin}, F.
  and {Fassnacht}, C. D. and {Rusu}, C. E. and {Sluse}, D.
  and {Treu}, T. and {Wong}, K. C. and {Auger}, M. W. and {Ding}, X.
  and {Hilbert}, S. and {Marshall}, P. J. and {Rumbaugh}, N.
  and {Sonnenfeld}, A. and {Tewes}, M. and {Tihhonova}, O.
  and {Agnello}, A. and {Blandford}, R. D. and {Chen}, G. C.-F.
  and {Collett}, T. and {Koopmans}, L. V. E. and {Liao}, K.
  and {Meylan}, G. and {Spiniello}, C.},
  title = {H0LiCOW – I. H0 Lenses in COSMOGRAIL's Wellspring: program overview},
  journal = {Monthly Notices of the Royal Astronomical Society},
  volume = {468},
  number = {3},
  pages = {2590-2604},
  year = {2017},
  month = {2},
  doi = {10.1093/mnras/stx483},
  URL = {https://doi.org/10.1093/mnras/stx483},
}

%%%%%%%%%%%%%%%%%%%%%%%%%%%%%%%%%%%%%%%%%%%%%%%%%%%%%%%%%%%%%%%%%%%%%%%%%%%%%%%%
% Specific lenses & time delays
@article{Saha03,
   author = {Prasenjit Saha and Liliya L. R. Williams},
   title = {Qualitative Theory for Lensed {QSOs}},
   journal = {The Astronomical Journal},
   publisher = {{IOP} Publishing},
   volume = {125},
   number = {6},
   pages = {2769--2782},
   year = {2003},
   month = {jun},
   doi = {10.1086/375204},
   url = {https://doi.org/10.1086%2F375204},
}

@article{Saha07,
   author = {Prasenjit Saha and Liliya L. R. Williams and Ignacio Ferreras},
   title = {Meso-Structure in Three Strong-lensing Systems},
   journal = {The Astrophysical Journal},
   publisher = {{IOP} Publishing},
   volume = {663},
   number = {1},
   pages = {29--37},
   year = {2007},
   month = {jul},
   doi = {10.1086/518083},
   url = {https://doi.org/10.1086%2F518083},
}

@misc{Wynne18,
    title={Robust modeling of quadruply lensed quasars (and random quartets) using Witt's hyperbola},
    author={Raymond A. Wynne and Paul L. Schechter},
    year={2018},
    eprint={1808.06151},
    archivePrefix={arXiv},
    primaryClass={astro-ph.CO}
}

@article{Chantry10,
   author = {V. Chantry and D. Sluse and P. Magain},
   title = {{COSMOGRAIL}: the {COSmological} {MOnitoring} of {GRAvItational} Lenses},
   journal = {Astronomy {\&} Astrophysics},
   publisher = {{EDP} Sciences},
   volume = {522},
   pages = {A95},
   year = {2010},
   month = {nov},
   doi = {10.1051/0004-6361/200912971},
   url = {https://doi.org/10.1051%2F0004-6361%2F200912971},
}

@article{Saha06b,
   author = {P. Saha and F. Courbin and D. Sluse and S. Dye and G. Meylan},
   title = {{COSMOGRAIL}: the {COSmological} {MOnitoring} of {GRAvItational} Lenses},
   journal = {Astronomy {\&} Astrophysics},
   publisher = {{EDP} Sciences},
   volume = {450},
   number = {2},
   pages = {461--469},
   year = {2006},
   month = {apr},
   doi = {10.1051/0004-6361:20052929},
   url = {https://doi.org/10.1051%2F0004-6361%3A20052929},
}

@article{B1608Fassnacht96,
   author = {C. D. Fassnacht and D. S. Womble and G. Neugebauer and I. W. A. Browne and A. C. S. Readhead and K. Matthews and T. J. Pearson},
   title = {1608$\mathplus$656: A Gravitationally Lensed {PostStarburst} Radio Galaxy},
   journal = {The Astrophysical Journal},
   publisher = {{IOP} Publishing},
   volume = {460},
   number = {2},
   year = {1996},
   month = {apr},
   doi = {10.1086/309984},
   url = {https://doi.org/10.1086%2F309984}
}

@article{B1608Myers95,
   author = {S. T. Myers and C. D. Fassnacht and S. G. Djorgovski and R. D.
             Blandford and K. Matthews and G. Neugebauer and T. J. Pearson and
             A. C. S. Readhead and J. D. Smith and D. J. Thompson and D. S.
             Womble and I. W. A. Browne and P. N. Wilkinson and S. Nair and N.
             Jackson and I. A. G. Snellen and G. K. Miley and A. G. de Bruyn and
             R. T. Schilizzi},
   title = {1608$\mathplus$656: A Quadruple-Lens System Found in the {CLASS} Gravitational Lens Survey},
   journal = {The Astrophysical Journal},
   publisher = {{IOP} Publishing},
   volume = {447},
   number = {1},
   year = {1995},
   month = {jul},
   doi = {10.1086/309556},
   url = {https://doi.org/10.1086%2F309556},
}

@article{B1608Fassnacht99,
  author = {{Fassnacht}, C.~D. and {Pearson}, T.~J. and {Readhead}, A.~C.~S. and {Browne}, I.~W.~A. and {Koopmans}, L.~V.~E. and {Myers}, S.~T. and {Wilkinson}, P.~N.},
  title = {A Determination of H$_{0}$ with the CLASS Gravitational Lens B1608+656. I. Time Delay Measurements with the VLA},
  journal = {Astrophysical Journal},
  volume = {527},
  number = {2},
  pages = {498-512},
  year = {1999},
  month = {12},
  doi = {10.1086/308118},
  eprint = {astro-ph/9907257},
  archivePrefix = {arXiv},
  primaryClass = {astro-ph},
  adsurl = {https://ui.adsabs.harvard.edu/abs/1999ApJ...527..498F},
  adsnote = {Provided by the SAO/NASA Astrophysics Data System}
}

@article{B1608Koopmans99,
  author = {{Koopmans}, L.~V.~E. and {Fassnacht}, C.~D.},
  title = {A Determination of H$_{0}$ with the CLASS Gravitational Lens B1608+656. II. Mass Models and the Hubble Constant from Lensing},
  journal = {Astrophysical Journal},
  volume = {527},
  number = {2},
  pages = {513-524},
  year = {1999},
  month = {12},
  doi = {10.1086/308120},
  eprint = {astro-ph/9907258},
  archivePrefix = {arXiv},
  primaryClass = {astro-ph},
  adsurl = {https://ui.adsabs.harvard.edu/abs/1999ApJ...527..513K},
  adsnote = {Provided by the SAO/NASA Astrophysics Data System}
}

@article{B1608Koopmans03,
	author = {L.~V.~E. Koopmans and T. Treu and C.~D. Fassnacht and R.~D. Blandford and G. Surpi},
	title = {The Hubble Constant from the Gravitational Lens B1608$\mathplus$6561},
	journal = {The Astrophysical Journal},
	publisher = {{IOP} Publishing},
	year = {2003},
	month = {dec},
	volume = {599},
	number = {1},
	pages = {70--85},
	doi = {10.1086/379226},
	URL = {https://doi.org/10.1086%2F379226},
}

@misc{B1608Fassnacht01,
    author = {C. D. Fassnacht and E. Xanthopoulos and L. V. E. Koopmans and T. J. Pearson and A. C. S. Readhead and S. T. Myers},
    title = {Measuring H$_{0}$ with CLASS B1608+656: The Second Season of VLA Monitoring},
    year = {1999},
    eprint = {astro-ph/9909410},
    archivePrefix = {arXiv},
    primaryClass = {astro-ph}
}

@article{B1608Fassnacht02,
  author = {{Fassnacht}, C.~D. and {Xanthopoulos}, E. and {Koopmans}, L.~V.~E. and {Rusin}, D.},
  title = {A Determination of H$_{0}$ with the CLASS Gravitational Lens B1608+656. III. A Significant Improvement in the Precision of the Time Delay Measurements},
  journal = {Astrophysical Journal},
  volume = {581},
  number = {2},
  pages = {823-835},
  year = {2002},
  month = {12},
  doi = {10.1086/344368},
  eprint = {astro-ph/0208420},
  archivePrefix = {arXiv},
  primaryClass = {astro-ph},
  adsurl = {https://ui.adsabs.harvard.edu/abs/2002ApJ...581..823F},
  adsnote = {Provided by the SAO/NASA Astrophysics Data System}
}

@article{B1608Fassnacht05,
   author = {Chris Fassnacht and Lori Lubin and John McKean and Roy Gal and Gordon Squires and Leon Koopmans and Tommaso Treu and Roger Blandford and David Rusin},
   title = {Galaxy Groups Associated with Gravitational Lenses and $H_{0}$ from B1608$\mathplus$656},
   journal = {Proceedings of the International Astronomical Union},
   publisher = {Cambridge University Press ({CUP})},
   volume = {2004},
   number = {{IAUS}225},
   pages = {311--317},
   year = {2004},
   month = {jul},
   doi = {10.1017/s1743921305002115},
   url = {https://doi.org/10.1017%2Fs1743921305002115},
}

@article{B1608Suyu10,
   author = {S. H. Suyu and P. J. Marshall and M. W. Auger and S. Hilbert and R. D. Blandford and L. V. E. Koopmans and C. D. Fassnacht and T. Treu},
   title = {{DISSECTING} {THE} {GRAVITATIONAL} {LENS} B1608$\mathplus$656. {II}. {PRECISION} {MEASUREMENTS} {OF} {THE} {HUBBLE} {CONSTANT}, {SPATIAL} {CURVATURE}, {AND} {THE} {DARK} {ENERGY} {EQUATION} {OF} {STATE}},
   journal = {The Astrophysical Journal},
   publisher = {{IOP} Publishing},
   volume = {711},
   number = {1},
   pages = {201--221},
   year = {2010},
   month = {feb},
   doi = {10.1088/0004-637x/711/1/201},
   url = {https://doi.org/10.1088%2F0004-637x%2F711%2F1%2F201},
}

@article{Eulaers11,
   author = {E. Eulaers and P. Magain},
   title = {Time delays for eleven gravitationally lensed quasars revisited},
   journal = {Astronomy {\&} Astrophysics},
   publisher = {{EDP} Sciences},
   volume = {536},
   pages = {A44},
   year = {2011},
   month = {dec},
   doi = {10.1051/0004-6361/201016101},
   url = {https://doi.org/10.1051%2F0004-6361%2F201016101},
}

@article{Holanda16,
   author = {R.F.L. Holanda},
   title = {The robustness of angular diameter distances to the lens in the B1608$\mathplus$656 and {RXJ}1131-1231 systems},
   journal = {Astroparticle Physics},
   publisher = {Elsevier {BV}},
   volume = {84},
   pages = {78--81},
   year = {2016},
   month = {nov},
   doi = {10.1016/j.astropartphys.2016.09.001},
   url = {https://doi.org/10.1016%2Fj.astropartphys.2016.09.001},
}

@article{DESJ0408Lin17,
   author = {Lin, H. and Buckley-Geer, E. and Agnello, A. and Ostrovski, F. and McMahon, R. G. and Nord, B. and Kuropatkin, N. and Tucker, D. L. and Treu, T. and Chan, J. H. H. and et al.},
   title = {Discovery of the Lensed Quasar System DES J0408-5354},
   journal = {The Astrophysical Journal},
   publisher = {American Astronomical Society},
   volume = {838},
   number = {2},
   pages = {L15},
   year = {2017},
   month = {Mar},
   doi = {10.3847/2041-8213/aa624e},
   URL = {http://dx.doi.org/10.3847/2041-8213/aa624e},
   ISSN = {2041-8213},
}

@article{DESJ0408Courbin18,
   author = {Courbin, F. and Bonvin, V. and Buckley-Geer, E. and Fassnacht, C. D. and Frieman, J. and Lin, H. and Marshall, P. J. and Suyu, S. H. and Treu, T. and Anguita, T. and et al.},
   title = {COSMOGRAIL: the COSmological MOnitoring of GRAvItational Lenses},
   journal = {Astronomy & Astrophysics},
   publisher = {EDP Sciences},
   volume = {609},
   pages = {A71},
   year = {2018},
   month = {Jan},
   doi = {10.1051/0004-6361/201731461},
   URL = {http://dx.doi.org/10.1051/0004-6361/201731461},
   ISSN = {1432-0746},
}

@article{DESJ0408Agnello17,
   author = {A. Agnello and H. Lin and L. Buckley-Geer and T. Treu and V. Bonvin and F. Courbin and C. Lemon and T. Morishita and A. Amara and M. W. Auger and S. Birrer and J. Chan and T. Collett and A. More and C. D. Fassnacht and J. Frieman and P. J. Marshall and R. G. McMahon and G. Meylan and S. H. Suyu and F. Castander and D. Finley and A. Howell and C. Kochanek and M. Makler and P. Martini and N. Morgan and B. Nord and F. Ostrovski and P. Schechter and D. Tucker and R. Wechsler and T. M. C. Abbott and F. B. Abdalla and S. Allam and A. Benoit-L{\'{e}}vy and E. Bertin and D. Brooks and D. L. Burke and A. Carnero Rosell and M. Carrasco Kind and J. Carretero and M. Crocce and C. E. Cunha and C. B. D'Andrea and L. N. da Costa and S. Desai and J. P. Dietrich and T. F. Eifler and B. Flaugher and P. Fosalba and J. Garc{\'{\i}}a-Bellido and E. Gaztanaga and M. S. Gill and D. A. Goldstein and D. Gruen and R. A. Gruendl and J. Gschwend and G. Gutierrez and K. Honscheid and D. J. James and K. Kuehn and N. Kuropatkin and T. S. Li and M. Lima and M. A. G. Maia and M. March and J. L. Marshall and P. Melchior and F. Menanteau and R. Miquel and R. L. C. Ogando and A. A. Plazas and A. K. Romer and E. Sanchez and R. Schindler and M. Schubnell and I. Sevilla-Noarbe and M. Smith and R. C. Smith and F. Sobreira and E. Suchyta and M. E. C. Swanson and G. Tarle and D. Thomas and A. R. Walker},
   title = {Models of the strongly lensed quasar {DES} J0408-5354},
   journal = {Monthly Notices of the Royal Astronomical Society},
   publisher = {Oxford University Press ({OUP})},
   volume = {472},
   number = {4},
   pages = {4038--4050},
   year = {2017},
   month = {sep},
   doi = {10.1093/mnras/stx2242},
   url = {https://doi.org/10.1093%2Fmnras%2Fstx2242},
}

@article{HE0435Wisotzki02,
   author = {L. Wisotzki and P. L. Schechter and H. V. Bradt and J. Heinmüller and D. Reimers},
   title = {{HE}~0435-1223: A wide separation quadruple {QSO}   and gravitational lens},
   journal = {Astronomy {\&} Astrophysics},
   publisher = {{EDP} Sciences},
   volume = {395},
   number = {1},
   pages = {17--23},
   year = {2002},
   month = {oct},
   doi = {10.1051/0004-6361:20021213},
   url = {https://doi.org/10.1051%2F0004-6361%3A20021213},
}

@article{HE0435Morgan05,
   author = {N. D. Morgan and C. S. Kochanek and O. Pevunova and P. L. Schechter},
   title = {The Lens Redshift and Galaxy Environment for {HE} 0435-1223},
   journal = {The Astronomical Journal},
   publisher = {{IOP} Publishing},
   volume = {129},
   number = {6},
   pages = {2531--2541},
   year = {2005},
   month = {jun},
   doi = {10.1086/430145},
   url = {https://doi.org/10.1086%2F430145},
}

@article{HE0435Kochanek06,
	author = {C. S. Kochanek and N. D. Morgan and E. E. Falco and B. A. McLeod and J. N. Winn and J. Dembicky and B. Ketzeback},
	title = {The Time Delays of Gravitational Lens {HE} 0435-1223: An Early-Type Galaxy with a Rising Rotation Curve},
	publisher = {{IOP} Publishing},
	journal = {The Astrophysical Journal},
	volume = {640},
	number = {1},
	pages = {47--61},
	year = {2006},
	month = {3},
	doi = {10.1086/499766},
	URL = {https://doi.org/10.1086%2F499766},
}

@misc{Millon20,
    author = {M. Millon and F. Courbin and V. Bonvin and E. Paic and G. Meylan and M. Tewes and D. Sluse and P. Magain and J. H. H. Chan and A. Galan and R. Joseph and C. Lemon and O. Tihhonova and R. I. Anderson and M. Marmier and B. Chazelas and M. Lendl and A. H. M. J. Triaud and A. Wyttenbach},
    title = {COSMOGRAIL XIX: Time delays in 18 strongly lensed quasars from 15 years of optical monitoring},
    year = {2020},
    eprint = {2002.05736},
    archivePrefix = {arXiv},
    primaryClass = {astro-ph.CO}
}

@article{HE0435Sluse12,
   author = {Sluse, D. and Chantry, V. and Magain, P. and Courbin, F. and Meylan, G.},
   title = {COSMOGRAIL: the COSmological MOnitoring of GRAvItational Lenses},
   journal = {Astronomy & Astrophysics},
   publisher = {EDP Sciences},
   volume = {538},
   pages = {A99},
   year = {2012},
   month = {Feb},
   doi = {10.1051/0004-6361/201015844},
   URL = {http://dx.doi.org/10.1051/0004-6361/201015844},
   ISSN = {1432-0746},
}

@article{HE0435Wong16,
   author = {Kenneth C. Wong and Sherry H. Suyu and Matthew W. Auger and Vivien Bonvin and Frederic Courbin and Christopher D. Fassnacht and Aleksi Halkola and Cristian E. Rusu and Dominique Sluse and Alessandro Sonnenfeld and Tommaso Treu and Thomas E. Collett and Stefan Hilbert and Leon V. E. Koopmans and Philip J. Marshall and Nicholas Rumbaugh},
   title = {H0LiCOW {\textendash} {IV}. Lens mass model of {HE}~0435-1223 and blind measurement of its time-delay distance for cosmology},
   journal = {Monthly Notices of the Royal Astronomical Society},
   publisher = {Oxford University Press ({OUP})},
   volume = {465},
   number = {4},
   pages = {4895--4913},
   year = {2016},
   month = {nov},
   doi = {10.1093/mnras/stw3077},
   url = {https://doi.org/10.1093%2Fmnras%2Fstw3077},
}

@article{HE0435Sluse17,
   author = {D. Sluse and A. Sonnenfeld and N. Rumbaugh and C. E. Rusu and C. D. Fassnacht and T. Treu and S. H. Suyu and K. C. Wong and M. W. Auger and V. Bonvin and T. Collett and F. Courbin and S. Hilbert and L. V. E. Koopmans and P. J. Marshall and G. Meylan and C. Spiniello and M. Tewes},
   title = {H0LiCOW {\textendash} {II}. Spectroscopic survey and galaxy-group identification of the strong gravitational lens system {HE} 0435-1223},
   journal = {Monthly Notices of the Royal Astronomical Society},
   publisher = {Oxford University Press ({OUP})},
   volume = {470},
   number = {4},
   pages = {4838--4857},
   year = {2017},
   month = {jun},
   doi = {10.1093/mnras/stx1484},
   url = {https://doi.org/10.1093%2Fmnras%2Fstx1484},
}

@article{HE0435Bonvin17,
  author = {Bonvin, V. and Courbin, F. and Suyu, S. H. and Marshall, P. J.
  and Rusu, C. E. and Sluse, D. and Tewes, M. and Wong, K. C. and Collett, T.
  and Fassnacht, C. D. and Treu, T. and Auger, M. W. and Hilbert, S.
  and Koopmans, L. V. E. and Meylan, G. and Rumbaugh, N. and Sonnenfeld, A.
  and Spiniello, C.},
  title = {H0LiCOW -- V. New COSMOGRAIL time delays of HE 0435-1223: H0 to 3.8
  per cent precision from strong lensing in a flat ΛCDM model},
  journal = {Monthly Notices of the Royal Astronomical Society},
  volume = {465},
  number = {4},
  pages = {4914},
  year = {2017},
  doi = {10.1093/mnras/stw3006},
  URL = {http://dx.doi.org/10.1093/mnras/stw3006}
}

@article{HE0435Tihhonova18,
   author = {O Tihhonova and F Courbin and D Harvey and S Hilbert and C E Rusu and C D Fassnacht and V Bonvin and P J Marshall and G Meylan and D Sluse and S H Suyu and T Treu and K C Wong},
   title = {H0LiCOW {VIII}. A weak-lensing measurement of the external convergence in the field of the lensed quasar {HE}{\hspace{0.167em}}0435-1223},
   journal = {Monthly Notices of the Royal Astronomical Society},
   publisher = {Oxford University Press ({OUP})},
   volume = {477},
   number = {4},
   pages = {5657--5669},
   year = {2018},
   month = {apr},
   doi = {10.1093/mnras/sty1040},
   url = {https://doi.org/10.1093%2Fmnras%2Fsty1040},
}

@article{HE0435Nierenberg17,
   author = {A. M. Nierenberg and T. Treu and G. Brammer and A. H. G. Peter and C. D. Fassnacht and C. R. Keeton and C. S. Kochanek and K. B. Schmidt and D. Sluse and S. A. Wright},
   title = {Probing dark matter substructure in the gravitational lens {HE} 0435-1223 with the {WFC}3 grism},
   journal = {Monthly Notices of the Royal Astronomical Society},
   publisher = {Oxford University Press ({OUP})},
   volume = {471},
   number = {2},
   pages = {2224--2236},
   year = {2017},
   month = {jun},
   doi = {10.1093/mnras/stx1400},
   url = {https://doi.org/10.1093%2Fmnras%2Fstx1400},
}

@article{PG1115Yoo05,
   author = {Jaiyul Yoo and Christopher S. Kochanek and Emilio E. Falco and Brian A. McLeod},
   title = {The Lens Galaxy in {PG} 1115$\mathplus$080 is an Ellipse},
   journal = {The Astrophysical Journal},
   publisher = {{IOP} Publishing},
   volume = {626},
   number = {1},
   pages = {51--57},
   year = {2005},
   month = {jun},
   doi = {10.1086/429959},
   url = {https://doi.org/10.1086%2F429959},
}

@article{PG1115Morgan08,
   author = {Morgan, Christopher W. and Kochanek, Christopher. S. and Dai, Xinyu and Morgan, Nicholas D. and Falco, Emilio E.},
   title = {X‐Ray and Optical Microlensing in the Lensed Quasar PG 1115+080},
   journal = {The Astrophysical Journal},
   publisher = {IOP Publishing},
   volume = {689},
   number = {2},
   pages = {755–761},
   year = {2008},
   month = {Dec},
   doi = {10.1086/592767},
   URL = {http://dx.doi.org/10.1086/592767},
   ISSN = {1538-4357},
}

@article{PG1115Kundic97,
   author = {Tomislav Kundic and Judith G. Cohen and Roger D. Blandford and Lori M. Lubin},
   title = {Keck Spectroscopy of the Gravitational Lens System {PG} 1115$\mathplus$080: Redshifts of the Lensing Galaxies.},
   journal = {The Astronomical Journal},
   publisher = {{IOP} Publishing},
   volume = {114},
   pages = {507},
   year = {1997},
   month = {aug},
   doi = {10.1086/118489},
   url = {https://doi.org/10.1086%2F118489},
}

@article{PG1115Tonry98,
   author = {Tonry, John L.},
   title = {Redshifts of the Gravitational Lenses B1422+231 and PG 1115+080},
   journal = {The Astronomical Journal},
   publisher = {IOP Publishing},
   volume = {115},
   number = {1},
   pages = {1–5},
   year = {1998},
   month = {Jan},
   doi = {10.1086/300170},
   URL = {http://dx.doi.org/10.1086/300170},
   ISSN = {0004-6256},
}

@article{PG1115Barkana97,
   author = {Barkana, Rennan},
   title = {Analysis of Time Delays in the Gravitational Lens PG 1115+080},
   journal = {The Astrophysical Journal},
   publisher = {IOP Publishing},
   volume = {489},
   number = {1},
   pages = {21–28},
   year = {1997},
   month = {Nov},
   doi = {10.1086/304766},
   URL = {http://dx.doi.org/10.1086/304766},
   ISSN = {1538-4357},
}

@article{PG1115Schechter97,
   author = {Paul L. Schechter and Charles D. Bailyn and Robert Barr and Richard Barvainis and Christopher M. Becker and Gary M. Bernstein and John P. Blakeslee and Schelte J. Bus and Alan Dressler and Emilio E. Falco and Robert A. Fesen and Phillipe Fischer and Karl Gebhardt and Dianne Harmer and Jacqueline N. Hewitt and Jens Hjorth and Todd Hurt and Andreas O. Jaunsen and Mario Mateo and Doerte Mehlert and Douglas O. Richstone and Linda S. Sparke and John R. Thorstensen and John L. Tonry and Gary Wegner and Daryl W. Willmarth and Guy Worthey},
   title = {The Quadruple Gravitational Lens {PG} 1115$\mathplus$080: Time Delays and Models},
   journal = {The Astrophysical Journal},
   publisher = {{IOP} Publishing},
   volume = {475},
   number = {2},
   pages = {L85--L88},
   year = {1997},
   month = {feb},
   doi = {10.1086/310478},
   url = {https://doi.org/10.1086%2F310478},
}

@article{PG1115Weymann80,
   author = {{Weymann}, Ray J. and {Latham}, David and {Angel}, J. Roger P. and {Green}, Richard F. and {Liebert}, James W. and {Turnshek}, David A. and {Turnshek}, Diane E. and {Tyson}, J. Anthony},
   title = {The triple QSO PG1115 + 08: another probable gravitational lens},
   journal = {Nature},
   volume = {285},
   number = {5767},
   pages = {641-643},
   year = {1980},
   month = {jun},
   doi = {10.1038/285641a0},
   adsurl = {https://ui.adsabs.harvard.edu/abs/1980Natur.285..641W},
   adsnote = {Provided by the SAO/NASA Astrophysics Data System}
}

@article{PG1115Christian87,
   author = {C. A. Christian and D. Crabtree and P. Waddell},
   title = {Detection of the lensing galaxy in {PG} 1115 $\mathplus$ 080},
   journal = {The Astrophysical Journal},
   publisher = {{IOP} Publishing},
   volume = {312},
   pages = {45},
   year = {1987},
   month = {jan},
   doi = {10.1086/164847},
   url = {https://doi.org/10.1086%2F164847},
}

@article{PG1115Bonvin18,
   author = {V. Bonvin and J. H. H. Chan and M. Millon and K. Rojas and F. Courbin and G. C.-F. Chen and C. D. Fassnacht and E. Paic and M. Tewes and D. C.-Y. Chao and M. Chijani and D. Gilman and K. Gilmore and P. Williams and E. Buckley-Geer and J. Frieman and P. J. Marshall and S. H. Suyu and T. Treu and A. Hempel and S. Kim and R. Lachaume and M. Rabus and T. Anguita and G. Meylan and V. Motta and P. Magain},
   title = {{COSMOGRAIL}},
   journal = {Astronomy {\&} Astrophysics},
   publisher = {{EDP} Sciences},
   volume = {616},
   pages = {A183},
   year = {2018},
   month = {aug},
   doi = {10.1051/0004-6361/201833287},
   url = {https://doi.org/10.1051%2F0004-6361%2F201833287},
}

@article{RXJ0911Hjorth02,
   author = {Hjorth, Jens and Burud, Ingunn and Jaunsen, Andreas O. and Schechter, Paul L. and Kneib, Jean-Paul and Andersen, Michael I. and Korhonen, Heidi and Clasen, Jacob W. and Kaas, A. Amanda and Østensen, Roy and et al.},
   title = {The Time Delay of the Quadruple Quasar RX J0911.4+0551},
   journal = {The Astrophysical Journal},
   publisher = {IOP Publishing},
   volume = {572},
   number = {1},
   pages = {L11–L14},
   year = {2002},
   month = {Jun},
   URL = {http://dx.doi.org/10.1086/341603},
   doi = {10.1086/341603},
   ISSN = {1538-4357},
}

@article{RXJ0911Kneib00,
   author = {Jean-Paul Kneib and Judith G. Cohen and Jens Hjorth},
   title = {{RX} J0911$\mathplus$05: A Massive Cluster Lens at [{ITAL}]z[/{ITAL}]{\hspace{0.167em}}{\hspace{0.167em}}0.769},
   journal = {The Astrophysical Journal},
   publisher = {{IOP} Publishing},
   volume = {544},
   number = {1},
   pages = {L35--L39},
   year = {2000},
   month = {nov},
   doi = {10.1086/317285},
   url = {https://doi.org/10.1086%2F317285},
}

@article{RXJ0911Burud98,
   author = {{Burud}, I. and {Courbin}, F. and {Lidman}, C. and {Meylan}, G. and {Magain}, P. and {Jaunsen}, A.~O. and {Hjorth}, J. and {{\O}stensen}, R. and {Andersen}, M.~I. and {Clasen}, J.~W. and {Stabell}, R. and {Refsdal}, S.},
   title = {RX J0911.4+0551: a complex quadruply imaged gravitationally lensed QSO.},
   journal = {The Messenger},
   volume = {92},
   pages = {29-32},
   year = {1998},
   month = {Jun},
   adsurl = {https://ui.adsabs.harvard.edu/abs/1998Msngr..92...29B},
   adsnote = {Provided by the SAO/NASA Astrophysics Data System}
}

@article{RXJ0911Bade97,
   author = {{Bade}, N. and {Siebert}, J. and {Lopez}, S. and {Voges}, W. and {Reimers}, D.},
   title = {RX J0911.4+0551: A new multiple QSO selected from the ROSAT All-Sky Survey.},
   journal = {Astronomy and Astrophysics},
   year = {1997},
   month = {Jan},
   volume = {317},
   pages = {L13-L16},
   adsurl = {https://ui.adsabs.harvard.edu/abs/1997A&A...317L..13B},
   adsnote = {Provided by the SAO/NASA Astrophysics Data System}
}

@article{RXJ1131Birrer16,
   author = {Birrer, Simon and Amara, Adam and Refregier, Alexandre},
   title = {The mass-sheet degeneracy and time-delay cosmography: analysis of the strong lens RXJ1131-1231},
   journal = {Journal of Cosmology and Astroparticle Physics},
   publisher = {IOP Publishing},
   volume = {2016},
   number = {08},
   pages = {020–020},
   year = {2016},
   month = {Aug},
   doi = {10.1088/1475-7516/2016/08/020},
   URL = {http://dx.doi.org/10.1088/1475-7516/2016/08/020},
   ISSN = {1475-7516},
}

@article{RXJ1131Birrer17,
   author = {Simon Birrer and Adam Amara and Alexandre Refregier},
   title = {Lensing substructure quantification in {RXJ}1131-1231: a 2 {keV} lower bound on dark matter thermal relic mass},
   journal = {Journal of Cosmology and Astroparticle Physics},
   publisher = {{IOP} Publishing},
   volume = {2017},
   number = {05},
   pages = {037--037},
   year = {2017},
   month = {may},
   doi = {10.1088/1475-7516/2017/05/037},
   url = {https://doi.org/10.1088%2F1475-7516%2F2017%2F05%2F037},
}

@article{RXJ1131Tewes13,
   author = {Tewes, M. and Courbin, F. and Meylan, G. and Kochanek, C. S. and Eulaers, E. and Cantale, N. and Mosquera, A. M. and Magain, P. and Van Winckel, H. and Sluse, D. and et al.},
   title = {COSMOGRAIL: the COSmological MOnitoring of GRAvItational Lenses},
   journal = {Astronomy & Astrophysics},
   publisher = {EDP Sciences},
   volume = {556},
   pages = {A22},
   year = {2013},
   month = {Jul},
   doi = {10.1051/0004-6361/201220352},
   URL = {http://dx.doi.org/10.1051/0004-6361/201220352},
   ISSN={1432-0746},
}

@misc{RXJ1131Sluse08,
   author = {D. Sluse and J. -F. Claeskens and D. Hutsemékers and J. Surdej},
   title=  {Microlensing probes the AGN structure of the lensed quasar J1131-1231},
   year = {2008},
   eprint = {0801.2698},
   archivePrefix = {arXiv},
   primaryClass = {astro-ph}
}

@article{RXJ1131Sluse07,
   author = {D. Sluse and J.-F. Claeskens and D. Hutsem{\'{e}}kers and J. Surdej},
   title = {Multi-wavelength study of the gravitational lens system {RXS}~J1131-1231},
   journal = {Astronomy {\&} Astrophysics},
   publisher = {{EDP} Sciences},
   volume = {468},
   number = {3},
   pages = {885--901},
   year = {2007},
   month = {mar},
   doi = {10.1051/0004-6361:20066821},
   url = {https://doi.org/10.1051%2F0004-6361%3A20066821},
}

@article{RXJ1131Sluse03,
   author = {Sluse, D. and Surdej, J. and Claeskens, J.-F. and Hutsemékers, D. and Jean, C. and Courbin, F. and Nakos, T. and Billeres, M. and Khmil, S. V.},
   title = {A quadruply imaged quasar with an optical Einstein ring candidate: 1RXS J113155.4–123155},
   journal = {Astronomy & Astrophysics},
   publisher = {EDP Sciences},
   volume = {406},
   number = {2},
   pages = {L43–L46},
   year = {2003},
   month = {Aug},
   doi = {10.1051/0004-6361:20030904},
   URL = {http://dx.doi.org/10.1051/0004-6361:20030904},
   ISSN = {1432-0746},
}

@article{SDSSJ1004Mohammed15,
   author = {Irshad Mohammed and Prasenjit Saha and Jori Liesenborgs},
   title = {Lensing time delays as a substructure constraint: a case study with the cluster {SDSS} J1004$\mathplus$4112},
   journal = {Publications of the Astronomical Society of Japan},
   publisher = {Oxford University Press ({OUP})},
   volume = {67},
   number = {2},
   year = {2015},
   month = {mar},
   doi = {10.1093/pasj/psu155},
   url = {https://doi.org/10.1093%2Fpasj%2Fpsu155},
}

@article{SDSSJ1004Oguri10,
   author = {Masamune Oguri},
   title = {The Mass Distribution of {SDSS} J1004{\textdollar}$\mathplus${\textdollar}4112 Revisited},
   journal = {Publications of the Astronomical Society of Japan},
   publisher = {Oxford University Press ({OUP})},
   volume = {62},
   number = {4},
   pages = {1017--1024},
   year = {2010},
   month = {aug},
   doi = {10.1093/pasj/62.4.1017},
   url = {https://doi.org/10.1093%2Fpasj%2F62.4.1017},
}

@article{SDSSJ1004Fohlmeister08,
   author = {Fohlmeister, J. and Kochanek, C. S. and Falco, E. E. and Morgan, C. W. and Wambsganss, J.},
   title = {The Rewards of Patience: An 822 Day Time Delay in the Gravitational Lens SDSS J1004+4112},
   journal = {The Astrophysical Journal},
   publisher = {IOP Publishing},
   volume = {676},
   number = {2},
   pages = {761–766},
   year = {2008},
   month = {Apr},
   doi = {10.1086/528789},
   URL = {http://dx.doi.org/10.1086/528789},
   ISSN = {1538-4357},
}

@article{SDSSJ1004Fohlmeister07,
   author = {J. Fohlmeister and C. S. Kochanek and E. E. Falco and J. Wambsganss and N. Morgan and C. W. Morgan and E. O. Ofek and D. Maoz and C. R. Keeton and J. C. Barentine and G. Dalton and J. Dembicky and W. Ketzeback and R. McMillan and C. S. Peters},
   title = {A Time Delay for the Cluster-lensed Quasar {SDSS} J1004$\mathplus$4112},
   journal = {The Astrophysical Journal},
   publisher = {{IOP} Publishing},
   volume = {662},
   number = {1},
   pages = {62--71},
   year = {2007},
   month = {jun},
   doi = {10.1086/518018},
   url = {https://doi.org/10.1086%2F518018},
}

@article{SDSSJ1004Inada05,
   author = {Inada Naohisa and Masamune Oguri and Charles R. Keeton and Daniel J. Eisenstein and Francisco J. Castander and Kuenley Chiu and Patrick B. Hall and Joseph F. Hennawi and David E. Johnston and Bartosz Pindor and Gordon T. Richards and Hans-Walter Rix and Donald P. Schneider and Wei Zheng},
   title = {Discovery of a Fifth Image of the Large Separation Gravitationally Lensed Quasar {SDSS} J1004$\mathplus$4112},
   journal = {Publications of the Astronomical Society of Japan},
   publisher = {Oxford University Press ({OUP})},
   volume = {57},
   number = {3},
   pages = {L7--L10},
   year = {2005},
   month = {jun},
   doi = {10.1093/pasj/57.3.l7},
   url = {https://doi.org/10.1093%2Fpasj%2F57.3.l7},
}

@article{SDSSJ1004Williams04,
   author = {Williams, Liliya L. R. and Saha, Prasenjit},
   title = {Models of the Giant Quadruple Quasar SDSS J1004+4112},
   journal = {The Astronomical Journal},
   publisher = {IOP Publishing},
   volume = {128},
   number = {6},
   pages = {2631–2641},
   year = {2004},
   month = {Dec},
   doi = {10.1086/426007},
   URL = {http://dx.doi.org/10.1086/426007},
   ISSN = {1538-3881},
}

@article{SDSSJ1004Oguri04,
   author = {Oguri, Masamune and Inada, Naohisa and Keeton, Charles R. and Pindor, Bartosz and Hennawi, Joseph F. and Gregg, Michael D. and Becker, Robert H. and Chiu, Kuenley and Zheng, Wei and Ichikawa, Shin‐Ichi and et al.},
   title = {Observations and Theoretical Implications of the Large‐Separation Lensed Quasar SDSS J1004+4112},
   journal = {The Astrophysical Journal},
   publisher = {IOP Publishing},
   volume = {605},
   number = {1},
   pages = {78–97},
   year = {2004},
   month = {Apr},
   doi = {10.1086/382221},
   URL = {http://dx.doi.org/10.1086/382221},
   ISSN = {1538-4357},
}

@article{SDSSJ1004Inada03,
   author = {Inada, Naohisa and Oguri, Masamune and Pindor, Bartosz and Hennawi, Joseph F. and Chiu, Kuenley and Zheng, Wei and Ichikawa, Shin-Ichi and Gregg, Michael D. and Becker, Robert H. and Suto, Yasushi and et al.},
   title = {A gravitationally lensed quasar with quadruple images separated by 14.62 arcseconds},
   journal = {Nature},
   publisher = {Springer Science and Business Media LLC},
   volume = {426},
   number = {6968},
   pages = {810–812},
   year = {2003},
   month = {Dec},
   doi = {10.1038/nature02153},
   URL = {http://dx.doi.org/10.1038/nature02153},
   ISSN = {1476-4687},
}

@article{WFI2033Bonvin19,
   author = {Bonvin, V. and Millon, M. and Chan, J. H.-H. and Courbin, F. and Rusu, C. E. and Sluse, D. and Suyu, S. H. and Wong, K. C. and Fassnacht, C. D. and Marshall, P. J. and et al.},
   title = {COSMOGRAIL XVIII: time delays of the quadruply lensed quasar WFI2033-4723},
   journal = {Astronomy & Astrophysics},
   publisher = {EDP Sciences},
   volume = {629},
   pages = {A97},
   year = {2019},
   month = {Sep},
   doi = {10.1051/0004-6361/201935921},
   URL = {http://dx.doi.org/10.1051/0004-6361/201935921},
   ISSN = {1432-0746},
}

@article{WFI2033Eigenbrod06,
   author = {Eigenbrod, A. and Courbin, F. and Meylan, G. and Vuissoz, C. and Magain, P.},
   title = {COSMOGRAIL: the COSmological MOnitoring of GRAvItational Lenses III. Redshift of the lensing galaxy in eight gravitationally lensed quasars},
   journal = {Astronomy & Astrophysics},
   publisher = {EDP Sciences},
   volume = {451},
   number = {3},
   pages = {759–766},
   year = {2006},
   month = {May},
   doi = {10.1051/0004-6361:20054454},
   URL = {http://dx.doi.org/10.1051/0004-6361:20054454},
   ISSN = {1432-0746},
}

@article{WFI2033Morgan04,
   author = {Morgan, Nicholas D. and Caldwell, John A. R. and Schechter, Paul L. and Dressler, Alan and Egami, Eiichi and Rix, Hans-Walter},
   title = {WFI J2026-4536 and WFI J2033-4723: Two New Quadruple Gravitational Lenses},
   journal = {The Astronomical Journal},
   publisher = {IOP Publishing},
   volume = {127},
   number = {5},
   pages = {2617–2630},
   year = {2004},
   month = {May},
   doi = {10.1086/383295},
   URL = {http://dx.doi.org/10.1086/383295},
   ISSN = {1538-3881},
}


%%%%%%%%%%%%%%%%%%%%%%%%%%%%%%%%%%%%%%%%%%%%%%%%%%%%%%%%%%%%%%%%%%%%%%%%%%%%%%%%
% H0 from strong lensing
@article{Paraficz10,
  author = {{Paraficz}, Danuta and {Hjorth}, Jens},
  title = {The Hubble Constant Inferred from 18 Time-delay Lenses},
  journal = {Astrophysical Journal},
  year = {2010},
  month = {Apr},
  volume = {712},
  number = {2},
  pages = {1378-1384},
  doi = {10.1088/0004-637X/712/2/1378},
  adsurl = {https://ui.adsabs.harvard.edu/abs/2010ApJ...712.1378P}
}

@misc{Gomer19,
    author = {Matthew R. Gomer and Liliya L. R. Williams},
    title = {Galaxy-lens determination of $H_0$: constraining density slope in the context of the mass sheet degeneracy},
    year = {2019},
    eprint = {1907.08638},
    archivePrefix = {arXiv},
    primaryClass = {astro-ph.CO}
}

@article{Ghosh20,
   author = {Agniva Ghosh and Liliya L R Williams and Jori Liesenborgs},
   title = {Free-form grale lens inversion of galaxy clusters with up to 1000 multiple images},
   journal = {Monthly Notices of the Royal Astronomical Society},
   publisher = {Oxford University Press ({OUP})},
   volume = {494},
   number = {3},
   pages = {3998--4014},
   year = {2020},
   month = {apr},
   doi = {10.1093/mnras/staa962},
   url = {https://doi.org/10.1093%2Fmnras%2Fstaa962},
}

@misc{Wong19,
  author = {Kenneth C. Wong and Sherry H. Suyu and Geoff C. -F. Chen
    and Cristian E. Rusu and Martin Millon and Dominique Sluse
    and Vivien Bonvin and Christopher D. Fassnacht and Stefan Taubenberger
    and Matthew W. Auger and Simon Birrer and James H. H. Chan
    and Frederic Courbin and Stefan Hilbert and Olga Tihhonova and Tommaso Treu
    and Adriano Agnello and Xuheng Ding and Inh Jee and Eiichiro Komatsu
    and Anowar J. Shajib and Alessandro Sonnenfeld and Roger D. Blandford
    and Leon V. E. Koopmans and Philip J. Marshall and Georges Meylan},
  title = {H0LiCOW XIII. A 2.4\% measurement of $H_{0}$ from lensed quasars:
    $5.3\sigma$ tension between early and late-Universe probes},
  year = {2019},
  eprint = {1907.04869},
  archivePrefix = {arXiv},
  primaryClass = {astro-ph.CO}
}

@article{Shajib20,
   author = {A J Shajib and S Birrer and T Treu and A Agnello and E J Buckley-Geer and J H H Chan and L Christensen and C Lemon and H Lin and M Millon and J Poh and C E Rusu and D Sluse and C Spiniello and G C-F Chen and T Collett and F Courbin and C D Fassnacht and J Frieman and A Galan and D Gilman and A More and T Anguita and M W Auger and V Bonvin and R McMahon and G Meylan and K C Wong and T M C Abbott and J Annis and S Avila and K Bechtol and D Brooks and D Brout and D L Burke and A Carnero~Rosell and M Carrasco~Kind and J Carretero and F J Castander and M Costanzi and L N da~Costa and J De~Vicente and S Desai and J P Dietrich and P Doel and A Drlica-Wagner and A E Evrard and D A Finley and B Flaugher and P Fosalba and J Garc{\'{\i}}a-Bellido and D W Gerdes and D Gruen and R A Gruendl and J Gschwend and G Gutierrez and D L Hollowood and K Honscheid and D Huterer and D J James and T Jeltema and E Krause and N Kuropatkin and T S Li and M Lima and N MacCrann and M A G Maia and J L Marshall and P Melchior and R Miquel and R L C Ogando and A Palmese and F Paz-Chinch{\'{o}}n and A A Plazas and A K Romer and A Roodman and M Sako and E Sanchez and B Santiago and V Scarpine and M Schubnell and D Scolnic and S Serrano and I Sevilla-Noarbe and M Smith and M Soares-Santos and E Suchyta and G Tarle and D Thomas and A R Walker and Y Zhang},
   title = {{STRIDES}: a 3.9 per cent measurement of the Hubble constant from the strong lens system {DES} J0408-5354},
   journal = {Monthly Notices of the Royal Astronomical Society},
   publisher = {Oxford University Press ({OUP})},
   volume = {494},
   number = {4},
   pages = {6072--6102},
   year = {2020},
   month = {mar},
   doi = {10.1093/mnras/staa828},
   url = {https://doi.org/10.1093%2Fmnras%2Fstaa828},
}

@misc{TDLMC1,
    author = {Xuheng Ding and Tommaso Treu and Anowar J. Shajib and Dandan Xu and Geoff C. -F. Chen and Anupreeta More and Giulia Despali and Matteo Frigo and Christopher D. Fassnacht and Daniel Gilman and Stefan Hilbert and Philip J. Marshall and Dominique Sluse and Simona Vegetti},
    title = {Time Delay Lens Modeling Challenge: I. Experimental Design},
    year = {2018},
    eprint = {1801.01506},
    archivePrefix = {arXiv},
    primaryClass = {astro-ph.CO}
}

@misc{TDLMC2,
    title = {Time Delay Lens modelling Challenge: II. Results},
    author = {X. Ding and T. Treu and S. Birrer and G. C. -F. Chen and J. Coles and P. Denzel and M. Frigo A. Galan and P. J. Marshall and M. Millon and A. More and A. J. Shajib and D. Sluse and H. Tak and D. Xu and M. W. Auger and V. Bonvin and H. Chand and F. Courbin and G. Despali and C. D. Fassnacht and D. Gilman and S. Hilbert and S. R. Kumar and Y. -Y. Lin and J. W. Park and P. Saha and S. Vegetti and L. Van de Vyvere and L. L. R. Williams},
    year = {2020},
    eprint = {2006.08619},
    archivePrefix = {arXiv},
    primaryClass = {astro-ph.CO}
}

@misc{TDCOSMO4,
    author = {S. Birrer and A. J. Shajib and A. Galan and M. Millon and T. Treu and A. Agnello and M. Auger and G. C. -F. Chen and L. Christensen and T. Collett and F. Courbin and C. D. Fassnacht and L. V. E. Koopmans and P. J. Marshall and J. -W. Park and C. E. Rusu and D. Sluse and C. Spiniello and S. H. Suyu and S. Wagner-Carena and K. C. Wong and M. Barnabè and A. S. Bolton and O. Czoske and X. Ding and J. A. Frieman and L. Van de Vyvere},
    title = {TDCOSMO IV: Hierarchical time-delay cosmography -- joint inference of the Hubble constant and galaxy density profiles},
    year = {2020},
    eprint = {2007.02941},
    archivePrefix = {arXiv},
    primaryClass = {astro-ph.CO},
}


%%%%%%%%%%%%%%%%%%%%%%%%%%%%%%%%%%%%%%%%%%%%%%%%%%%%%%%%%%%%%%%%%%%%%%%%%%%%%%%%
% H0 from SNe
@article{Sandage06,
  author = {A. Sandage and G. A. Tammann and A. Saha and B. Reindl and F. D. Macchetto and N. Panagia},
  title = {The Hubble Constant: A Summary of {theHubble} Space {TelescopeProgram} for the Luminosity Calibration of Type Ia Supernovae by Means of Cepheids},
  journal = {The Astrophysical Journal},
  volume = {653},
  number = {2},
  pages = {843--860},
  publisher = {{IOP} Publishing},
  year = {2006},
  month = {12},
  doi = {10.1086/508853},
  url = {https://doi.org/10.1086%2F508853},
}

@article{Freedman12,
  author = {Wendy L. Freedman and Barry F. Madore and Victoria Scowcroft and
  	Chris Burns and Andy Monson and S. Eric Persson and Mark Seibert and Jane
  	Rigby},
  title = {{CARNEGIE} {HUBBLE} {PROGRAM}: A {MID}-{INFRARED} {CALIBRATION} {OF}
  	{THE} {HUBBLE} {CONSTANT}},
  journal = {The Astrophysical Journal},
  volume = {758},
  number = {1},
  pages = {24},
  publisher = {{IOP} Publishing},
  year = {2012},
  month = {09},
  doi = {10.1088/0004-637x/758/1/24},
  URL = {https://doi.org/10.1088%2F0004-637x%2F758%2F1%2F24},
}

@article{Riess16,
  author = {Adam G. Riess and Lucas M. Macri and Samantha L. Hoffmann and Dan
	Scolnic and Stefano Casertano and Alexei V. Filippenko and Brad E. Tucker
	and Mark J. Reid and David O. Jones and Jeffrey M. Silverman and Ryan
	Chornock and Peter Challis and Wenlong Yuan and Peter J. Brown and Ryan J.
	Foley},
  title = {A 2.4{\%} {DETERMINATION} {OF} {THE} {LOCAL} {VALUE} {OF} {THE}
	{HUBBLE} {CONSTANT}},
  journal = {The Astrophysical Journal},
  number = {1},
  pages = {56},
  volume = {826},
  publisher = {American Astronomical Society},
  year = {2016},
  month = {07},
  doi = {10.3847/0004-637x/826/1/56},
  URL = {https://doi.org/10.3847%2F0004-637x%2F826%2F1%2F56},
}

@article{Riess18,
  author = {Adam G. Riess and Stefano Casertano and Wenlong Yuan and Lucas Macri
  	and Beatrice Bucciarelli and Mario G. Lattanzi and John W. MacKenty and J.
  	Bradley Bowers and WeiKang Zheng and Alexei V. Filippenko and Caroline Huang
  	and Richard I. Anderson},
  title = {Milky Way Cepheid Standards for Measuring Cosmic Distances and
  	Application to Gaia {DR}2: Implications for the Hubble Constant},
  journal = {The Astrophysical Journal},
  volume = {861},
  number = {2},
  pages = {126},
  publisher = {American Astronomical Society},
  year = {2018},
  month = {08},
  doi = {10.3847/1538-4357/aac82e},
  URL = {https://doi.org/10.3847%2F1538-4357%2Faac82e},
}

@article{Reid19,
  author = {Reid, M. J. and Pesce, D. W. and Riess, A. G.},
  title = {An Improved Distance to NGC 4258 and Its Implications for the
   Hubble Constant},
  journal = {The Astrophysical Journal},
  volume = {886},
  number = {2},
  pages = {L27},
  year = {2019},
  month = {11},
  doi = {10.3847/2041-8213/ab552d},
  URL = {http://dx.doi.org/10.3847/2041-8213/ab552d},
}

@article{Pietrzyski19,
  author = {Pietrzyński, G. and Graczyk, D. and Gallenne, A. and Gieren, W. and
   Thompson, I. B. and Pilecki, B. and Karczmarek, P. and Górski, M. and
   Suchomska, K. and Taormina, M. and et al.},
  title = {A distance to the Large Magellanic Cloud that is precise
   to one per cent},
  journal = {Nature},
  volume = {567},
  number = {7747},
  pages={200–203},
  publisher = {Springer Science and Business Media LLC},
  year={2019},
  month={Mar},
  issn = {1476-4687},
  doi ={10.1038/s41586-019-0999-4},
  URL = {http://dx.doi.org/10.1038/s41586-019-0999-4},
}

@article{Riess19,
  author = {Riess, Adam G. and Casertano, Stefano and Yuan, Wenlong
   and Macri, Lucas M. and Scolnic, Dan},
  title = {Large Magellanic Cloud Cepheid Standards Provide a 1\% Foundation
   for the Determination of the Hubble Constant and Stronger Evidence for
   Physics beyond $\Lambda$CDM},
  journal = {The Astrophysical Journal},
  volume = {876},
  number = {1},
  pages = {85},
  year = {2019},
  month = {5},
  doi = {10.3847/1538-4357/ab1422},
  URL = {http://dx.doi.org/10.3847/1538-4357/ab1422}
}

@article{Freedman19,
  author = {Freedman, Wendy L. and Madore, Barry F. and Hatt, Dylan and Hoyt, Taylor J. and Jang, In Sung and Beaton, Rachael L. and Burns, Christopher R. and Lee, Myung Gyoon and Monson, Andrew J. and Neeley, Jillian R. and et al.},
  title = {The Carnegie-Chicago Hubble Program. VIII. An Independent Determination of the Hubble Constant Based on the Tip of the Red Giant Branch},
  journal = {The Astrophysical Journal},
  publisher = {American Astronomical Society},
  volume = {882},
  number = {1},
  pages = {34},
  year = {2019},
  month = {Aug},
  doi = {10.3847/1538-4357/ab2f73},
  URL = {http://dx.doi.org/10.3847/1538-4357/ab2f73},
  ISSN = {1538-4357},
}


%%%%%%%%%%%%%%%%%%%%%%%%%%%%%%%%%%%%%%%%%%%%%%%%%%%%%%%%%%%%%%%%%%%%%%%%%%%%%%%%
% H0 from CMB
@misc{Planck18a,
  author = {{Planck Collaboration} and Y. Akrami and F. Arroja and M. Ashdown
    and J. Aumont and C. Baccigalupi and M. Ballardini and A. J. Banday and R.
    B.  Barreiro and N. Bartolo and S. Basak and R. Battye and K. Benabed and J.
    -P.  Bernard and M. Bersanelli and P. Bielewicz and J. J. Bock and J. R.
    Bond and J. Borrill and F. R. Bouchet and F. Boulanger and M. Bucher and C.
    Burigana and R. C. Butler and E. Calabrese and J. -F. Cardoso and J. Carron
    and B.  Casaponsa and A. Challinor and H. C. Chiang and L. P. L. Colombo and
    C.  Combet and D. Contreras and B. P. Crill and F. Cuttaia and P. de
    Bernardis and G. de Zotti and J. Delabrouille and J. -M. Delouis and F. -X.
    Désert and E. Di Valentino and C. Dickinson and J. M. Diego and S. Donzelli
    and O. Doré and M. Douspis and A. Ducout and X. Dupac and G. Efstathiou and
    F. Elsner and T. A. Enßlin and H. K. Eriksen and E. Falgarone and Y. Fantaye
    and J.  Fergusson and R. Fernandez-Cobos and F. Finelli and F. Forastieri
    and M.  Frailis and E. Franceschi and A. Frolov and S. Galeotta and S. Galli
    and K.  Ganga and R. T. Génova-Santos and M. Gerbino and T. Ghosh and J.
    González-Nuevo and K. M. Górski and S. Gratton and A. Gruppuso and J. E.
    Gudmundsson and J. Hamann and W. Handley and F. K. Hansen and G. Helou and
    D. Herranz and E. Hivon and Z. Huang and A. H. Jaffe and W. C. Jones and A.
    Karakci and E. Keihänen and R. Keskitalo and K. Kiiveri and J. Kim and T. S.
    Kisner and L. Knox and N. Krachmalnicoff and M. Kunz and H. Kurki-Suonio and
    G. Lagache and J. -M. Lamarre and M. Langer and A. Lasenby and M. Lattanzi
    and C. R. Lawrence and M. Le Jeune and J. P. Leahy and J. Lesgourgues and F.
    Levrier and A. Lewis and M. Liguori and P. B. Lilje and M. Lilley and V.
    Lindholm and M. López-Caniego and P. M. Lubin and Y. -Z. Ma and J. F.
    Macías-Pérez and G. Maggio and D. Maino and N. Mandolesi and A. Mangilli and
    A. Marcos-Caballero and M. Maris and P. G. Martin and E. Martínez-González
    and S. Matarrese and N. Mauri and J. D. McEwen and P. D. Meerburg and P. R.
    Meinhold and A. Melchiorri and A. Mennella and M. Migliaccio and M. Millea
    and S. Mitra and M. -A. Miville-Deschênes and D. Molinari and A. Moneti and
    L. Montier and G. Morgante and A. Moss and S. Mottet and M. Münchmeyer and
    P. Natoli and H. U. Nørgaard-Nielsen and C. A. Oxborrow and L. Pagano and D.
    Paoletti and B. Partridge and G. Patanchon and T. J. Pearson and M. Peel and
    H. V. Peiris and F. Perrotta and V. Pettorino and F. Piacentini and L.
    Polastri and G. Polenta and J. -L. Puget and J. P. Rachen and M. Reinecke
    and M. Remazeilles and A. Renzi and G. Rocha and C. Rosset and G. Roudier
    and J. A. Rubiño-Martín and B. Ruiz-Granados and L. Salvati and M. Sandri
    and M. Savelainen and D. Scott and E. P. S. Shellard and M. Shiraishi and C.
    Sirignano and G. Sirri and L. D. Spencer and R. Sunyaev and A. -S. Suur-Uski
    and J. A. Tauber and D. Tavagnacco and M. Tenti and L. Terenzi and L.
    Toffolatti and M. Tomasi and T. Trombetti and J. Valiviita and B. Van Tent
    and L. Vibert and P. Vielva and F. Villa and N. Vittorio and B. D. Wandelt
    and I. K. Wehus and M. White and S. D. M. White and A. Zacchei and A.
    Zonca},
  title = {Planck 2018 results. I. Overview and the cosmological legacy
    of Planck},
  year = {2018},
  eprint = {1807.06205},
  archivePrefix = {arXiv},
  primaryClass = {astro-ph.CO}
}

@misc{Planck18b,
  author = {N. Aghanim and Y. Akrami and M. Ashdown
    and J. Aumont and C. Baccigalupi and M. Ballardini and A. J. Banday and R.
    B. Barreiro and N. Bartolo and S. Basak and R. Battye and K. Benabed and J.
    -P. Bernard and M. Bersanelli and P. Bielewicz and J. J. Bock and J. R. Bond
    and J. Borrill and F. R. Bouchet and F. Boulanger and M. Bucher and C.
    Burigana and R. C. Butler and E. Calabrese and J. -F. Cardoso and J. Carron
    and A. Challinor and H. C. Chiang and J. Chluba and L. P. L. Colombo and C.
    Combet and D. Contreras and B. P. Crill and F. Cuttaia and P. de Bernardis
    and G. de Zotti and J. Delabrouille and J. -M. Delouis and E. Di Valentino
    and J. M. Diego and O. Doré and M. Douspis and A. Ducout and X. Dupac and S.
    Dusini and G. Efstathiou and F. Elsner and T. A. Enßlin and H. K. Eriksen
    and Y. Fantaye and M. Farhang and J. Fergusson and R. Fernandez-Cobos and F.
    Finelli and F. Forastieri and M. Frailis and A. A. Fraisse and E. Franceschi
    and A. Frolov and S. Galeotta and S. Galli and K. Ganga and R. T.
    Génova-Santos and M. Gerbino and T. Ghosh and J. González-Nuevo and K. M.
    Górski and S. Gratton and A. Gruppuso and J. E. Gudmundsson and J. Hamann
    and W. Handley and F. K. Hansen and D. Herranz and S. R. Hildebrandt and E.
    Hivon and Z. Huang and A. H. Jaffe and W. C. Jones and A. Karakci and E.
    Keihänen and R. Keskitalo and K. Kiiveri and J. Kim and T. S. Kisner and L.
    Knox and N. Krachmalnicoff and M. Kunz and H. Kurki-Suonio and G. Lagache
    and J. -M. Lamarre and A. Lasenby and M. Lattanzi and C. R. Lawrence and M.
    Le Jeune and P. Lemos and J. Lesgourgues and F. Levrier and A. Lewis and M.
    Liguori and P. B. Lilje and M. Lilley and V. Lindholm and M. López-Caniego
    and P. M. Lubin and Y. -Z. Ma and J. F. Macías-Pérez and G. Maggio and D.
    Maino and N. Mandolesi and A. Mangilli and A. Marcos-Caballero and M. Maris
    and P. G. Martin and M. Martinelli and E. Martínez-González and S. Matarrese
    and N. Mauri and J. D. McEwen and P. R. Meinhold and A. Melchiorri and A.
    Mennella and M. Migliaccio and M. Millea and S. Mitra and M. -A.
    Miville-Deschênes and D. Molinari and L. Montier and G. Morgante and A. Moss
    and P. Natoli and H. U. Nørgaard-Nielsen and L. Pagano and D. Paoletti and
    B. Partridge and G. Patanchon and H. V. Peiris and F. Perrotta and V.
    Pettorino and F. Piacentini and L. Polastri and G. Polenta and J. -L. Puget
    and J. P. Rachen and M. Reinecke and M. Remazeilles and A. Renzi and G.
    Rocha and C. Rosset and G. Roudier and J. A. Rubiño-Martín and B.
    Ruiz-Granados and L. Salvati and M. Sandri and M. Savelainen and D. Scott
    and E. P. S. Shellard and C. Sirignano and G. Sirri and L. D. Spencer and R.
    Sunyaev and A. -S. Suur-Uski and J. A. Tauber and D. Tavagnacco and M. Tenti
    and L. Toffolatti and M. Tomasi and T. Trombetti and L. Valenziano and J.
    Valiviita and B. Van Tent and L. Vibert and P. Vielva and F. Villa and N.
    Vittorio and B. D. Wandelt and I. K. Wehus and M. White and S. D. M. White
    and A. Zacchei and A. Zonca},
  title = {Planck 2018 results. VI. Cosmological parameters},
  year = {2018},
  eprint = {1807.06209},
  archivePrefix = {arXiv},
  primaryClass = {astro-ph.CO}
}

@article{DES1a,
title = {Dark Energy Survey year 1 results: Cosmological constraints from
  galaxy clustering and weak lensing},
author = {Abbott, T. M. C. and Abdalla, F. B. and Alarcon, A. and
  Aleksi\ifmmode \acute{c}\else \'{c}\fi{}, J. and Allam, S. and Allen, S. and
  Amara, A. and Annis, J. and Asorey, J. and Avila, S. and Bacon, D. and
  Balbinot, E. and Banerji, M. and Banik, N. and Barkhouse, W. and Baumer, M.
  and Baxter, E. and Bechtol, K. and Becker, M. R. and Benoit-L\'evy, A. and
  Benson, B. A. and Bernstein, G. M. and Bertin, E. and Blazek, J. and Bridle,
  S. L. and Brooks, D. and Brout, D. and Buckley-Geer, E. and Burke, D. L. and
  Busha, M. T. and Campos, A. and Capozzi, D. and Carnero Rosell, A. and
  Carrasco Kind, M. and Carretero, J. and Castander, F. J. and Cawthon, R. and
  Chang, C. and Chen, N. and Childress, M. and Choi, A. and Conselice, C. and
  Crittenden, R. and Crocce, M. and Cunha, C. E. and D'Andrea, C. B. and da
  Costa, L. N. and Das, R. and Davis, T. M. and Davis, C. and De Vicente, J. and
  DePoy, D. L. and DeRose, J. and Desai, S. and Diehl, H. T. and Dietrich, J. P.
  and Dodelson, S. and Doel, P. and Drlica-Wagner, A. and Eifler, T. F. and
  Elliott, A. E. and Elsner, F. and Elvin-Poole, J. and Estrada, J. and Evrard,
  A. E. and Fang, Y. and Fernandez, E. and Fert\'e, A. and Finley, D. A. and
  Flaugher, B. and Fosalba, P. and Friedrich, O. and Frieman, J. and
  Garc\'{\i}a-Bellido, J. and Garcia-Fernandez, M. and Gatti, M. and Gaztanaga,
  E. and Gerdes, D. W. and Giannantonio, T. and Gill, M. S. S. and Glazebrook,
  K. and Goldstein, D. A. and Gruen, D. and Gruendl, R. A. and Gschwend, J. and
  Gutierrez, G. and Hamilton, S. and Hartley, W. G. and Hinton, S. R. and
  Honscheid, K. and Hoyle, B. and Huterer, D. and Jain, B. and James, D. J. and
  Jarvis, M. and Jeltema, T. and Johnson, M. D. and Johnson, M. W. G. and
  Kacprzak, T. and Kent, S. and Kim, A. G. and King, A. and Kirk, D. and Kokron,
  N. and Kovacs, A. and Krause, E. and Krawiec, C. and Kremin, A. and Kuehn, K.
  and Kuhlmann, S. and Kuropatkin, N. and Lacasa, F. and Lahav, O. and Li, T. S.
  and Liddle, A. R. and Lidman, C. and Lima, M. and Lin, H. and MacCrann, N. and
  Maia, M. A. G. and Makler, M. and Manera, M. and March, M. and Marshall, J. L.
  and Martini, P. and McMahon, R. G. and Melchior, P. and Menanteau, F. and
  Miquel, R. and Miranda, V. and Mudd, D. and Muir, J. and M\"oller, A. and
  Neilsen, E. and Nichol, R. C. and Nord, B. and Nugent, P. and Ogando, R. L. C.
  and Palmese, A. and Peacock, J. and Peiris, H. V. and Peoples, J. and
  Percival, W. J. and Petravick, D. and Plazas, A. A. and Porredon, A. and Prat,
  J. and Pujol, A. and Rau, M. M. and Refregier, A. and Ricker, P. M. and Roe,
  N. and Rollins, R. P. and Romer, A. K. and Roodman, A. and Rosenfeld, R. and
  Ross, A. J. and Rozo, E. and Rykoff, E. S. and Sako, M. and Salvador, A. I.
  and Samuroff, S. and S\'anchez, C. and Sanchez, E. and Santiago, B. and
  Scarpine, V. and Schindler, R. and Scolnic, D. and Secco, L. F. and Serrano,
  S. and Sevilla-Noarbe, I. and Sheldon, E. and Smith, R. C. and Smith, M. and
  Smith, J. and Soares-Santos, M. and Sobreira, F. and Suchyta, E. and Tarle, G.
  and Thomas, D. and Troxel, M. A. and Tucker, D. L. and Tucker, B. E. and
  Uddin, S. A. and Varga, T. N. and Vielzeuf, P. and Vikram, V. and Vivas, A. K.
  and Walker, A. R. and Wang, M. and Wechsler, R. H. and Weller, J. and Wester,
  W. and Wolf, R. C. and Yanny, B. and Yuan, F. and Zenteno, A. and Zhang, B.
  and Zhang, Y. and Zuntz, J.},
collaboration = {Dark Energy Survey Collaboration  1},
journal = {Phys. Rev. D},
volume = {98},
issue = {4},
pages = {043526},
numpages = {31},
year = {2018},
month = {Aug},
publisher = {American Physical Society},
doi = {10.1103/PhysRevD.98.043526},
URL = {https://link.aps.org/doi/10.1103/PhysRevD.98.043526}
}

@article{DES1b,
  author = {Abbott, T M C and Abdalla, F B and Annis, J and Bechtol, K and
    Blazek, J and Benson, B A and Bernstein, R A and Bernstein, G M and Bertin,
    E and Brooks, D and Burke, D L and Carnero Rosell, A and Carrasco Kind, M
    and Carretero, J and Castander, F J and Chang, C L and Crawford, T M and
    Cunha, C E and D’Andrea, C B and da Costa, L N and Davis, C and DeRose, J
    and Desai, S and Diehl, H T and Dietrich, J P and Doel, P and Drlica-Wagner,
    A and Evrard, A E and Fernandez, E and Flaugher, B and Fosalba, P and
    Frieman, J and García-Bellido, J and Gaztanaga, E and Gerdes, D W and
    Giannantonio, T and Gruen, D and Gruendl, R A and Gschwend, J and Gutierrez,
    G and Hartley, W G and Henning, J W and Honscheid, K and Hoyle, B and
    Huterer, D and Jain, B and James, D J and Jarvis, M and Jeltema, T and
    Johnson, M D and Johnson, M W G and Krause, E and Kuehn, K and Kuhlmann, S
    and Kuropatkin, N and Lahav, O and Liddle, A R and Lima, M and Lin, H and
    MacCrann, N and Maia, M A G and Manzotti, A and March, M and Marshall, J L
    and Miquel, R and Mohr, J J and Natoli, T and Nugent, P and Ogando, R L C
    and Park, Y and Plazas, A A and Reichardt, C L and Reil, K and Roodman, A
    and Ross, A J and Rozo, E and Rykoff, E S and Sanchez, E and Scarpine, V and
    Schubnell, M and Scolnic, D and Sevilla-Noarbe, I and Sheldon, E and Smith,
    M and Smith, R C and Soares-Santos, M and Sobreira, F and Suchyta, E and
    Tarle, G and Thomas, D and Troxel, M A and Walker, A R and Wechsler, R H and
    Weller, J and Wester, W and Wu, W L K and Zuntz, J and
    The Dark Energy Survey and the South Pole Telescope Collaborations)},
  title = {Dark Energy Survey Year 1 Results: A Precise H0 Estimate from DES
    Y1, BAO, and D/H Data},
  journal = {Monthly Notices of the Royal Astronomical Society},
  volume = {480},
  number = {3},
  pages = {3879-3888},
  year = {2018},
  month = {07},
  doi = {10.1093/mnras/sty1939},
  URL = {https://doi.org/10.1093/mnras/sty1939},
  eprint = {https://academic.oup.com/mnras/article-pdf/480/3/3879/25520162/sty1939.pdf},
}

@article{Alsing16,
  author = {Alsing, Justin and Heavens, Alan and Jaffe, Andrew H.},
  title = {Cosmological parameters, shear maps and power spectra from CFHTLenS
    using Bayesian hierarchical inference},
  journal = {Monthly Notices of the Royal Astronomical Society},
  volume = {466},
  number = {3},
  pages = {3272-3292},
  year = {2016},
  month = {12},
  issn = {0035-8711},
  doi = {10.1093/mnras/stw3161},
  URL = {https://doi.org/10.1093/mnras/stw3161},
  eprint = {https://academic.oup.com/mnras/article-pdf/466/3/3272/10902137/stw3161.pdf},
}

@article{Hildebrandt16,
  author = {Hildebrandt, H and Viola, M and Heymans, C and Joudaki, S and
    Kuijken, K and Blake, C and Erben, T and Joachimi, B and Klaes, D and
    Miller, L and Morrison, C B and Nakajima, R and Verdoes Kleijn, G and Amon,
    A and Choi, A and Covone, G and de Jong, J T A and Dvornik, A and Fenech
    Conti, I and Grado, A and Harnois-Déraps, J and Herbonnet, R and Hoekstra, H
    and Köhlinger, F and McFarland, J and Mead, A and Merten, J and Napolitano,
    N and Peacock, J A and Radovich, M and Schneider, P and Simon, P and
    Valentijn, E A and van den Busch, J L and van Uitert, E and Van Waerbeke,
    L},
  title = {KiDS-450: cosmological parameter constraints from tomographic weak
    gravitational lensing},  
  journal = {Monthly Notices of the Royal Astronomical Society},
  volume = {465},
  number = {2},
  pages = {1454-1498},
  year = {2016},
  month = {10},
  issn = {0035-8711},
  doi = {10.1093/mnras/stw2805},
  url = {https://doi.org/10.1093/mnras/stw2805},
  eprint = {https://academic.oup.com/mnras/article-pdf/465/2/1454/24243465/stw2805.pdf},
}

@article{SDSS3BAO,
  author = {{Anderson}, Lauren and {Aubourg}, Eric and {Bailey}, Stephen and
    {Bizyaev}, Dmitry and {Blanton}, Michael and {Bolton}, Adam S. and
    {Brinkmann}, J. and {Brownstein}, Joel R.  and {Burden}, Angela and
    {Cuesta}, Antonio J. and {da Costa}, Luiz A.~N. and {Dawson}, Kyle S.  and
    {de Putter}, Roland and {Eisenstein}, Daniel J. and {Gunn}, James E. and
    {Guo}, Hong and {Hamilton}, Jean-Christophe and {Harding}, Paul and {Ho},
    Shirley and {Honscheid}, Klaus and {Kazin}, Eyal and {Kirkby}, David and
    {Kneib}, Jean-Paul and {Labatie}, Antoine and {Loomis}, Craig and {Lupton},
    Robert H. and {Malanushenko}, Elena and {Malanushenko}, Viktor and
    {Mandelbaum}, Rachel and {Manera}, Marc and {Maraston}, Claudia and
    {McBride}, Cameron K. and {Mehta}, Kushal T.  and {Mena}, Olga and
    {Montesano}, Francesco and {Muna}, Demetri and {Nichol}, Robert C. and
    {Nuza}, Sebasti{\'a}n E. and {Olmstead}, Matthew D. and {Oravetz}, Daniel
    and {Padmanabhan}, Nikhil and {Palanque-Delabrouille}, Nathalie and {Pan},
    Kaike and {Parejko}, John and {P{\^a}ris}, Isabelle and {Percival}, Will J.
    and {Petitjean}, Patrick and {Prada}, Francisco and {Reid}, Beth and {Roe},
    Natalie A.  and {Ross}, Ashley J. and {Ross}, Nicholas P. and {Samushia},
    Lado and {S{\'a}nchez}, Ariel G. and {Schlegel}, David J. and {Schneider},
    Donald P. and {Sc{\'o}ccola}, Claudia G. and {Seo}, Hee-Jong and {Sheldon},
    Erin S. and {Simmons}, Audrey and {Skibba}, Ramin A. and {Strauss}, Michael
    A. and {Swanson}, Molly E.~C. and {Thomas}, Daniel and {Tinker}, Jeremy L.
    and {Tojeiro}, Rita and {Maga{\~n}a}, Mariana Vargas and {Verde}, Licia and
    {Wagner}, Christian and {Wake}, David A.  and {Weaver}, Benjamin A. and
    {Weinberg}, David H. and {White}, Martin and {Xu}, Xiaoying and {Y{\`e}che},
    Christophe and {Zehavi}, Idit and {Zhao}, Gong-Bo},
  title = {The clustering of galaxies in the SDSS-III Baryon Oscillation
    Spectroscopic Survey: baryon acoustic oscillations in the Data Release 9
    spectroscopic galaxy sample},
  journal = {Monthly Notices of the Royal Astronomical Society},  
  volume = {427},
  number = {4},
  pages = {3435-3467},
  year = {2012},
  month = {12},
  adsurl = {https://ui.adsabs.harvard.edu/abs/2012MNRAS.427.3435A},
  doi = {10.1111/j.1365-2966.2012.22066.x},
  eprint = {1203.6594}
}


%%%%%%%%%%%%%%%%%%%%%%%%%%%%%%%%%%%%%%%%%%%%%%%%%%%%%%%%%%%%%%%%%%%%%%%%%%%%%%%%
% H0 tension
@article{Freedman17,
  author = {Freedman, Wendy L.},
  title = {Cosmology at a crossroads},
  journal = {Nature Astronomy},
  volume = {1},
  number = {0121},
  year = {2017},
  month = {05},
  doi = {10.1038/s41550-017-0121},
  URL = {https://doi.org/10.1038/s41550-017-0121}
}

@article{Verde19,
  author = {Verde, Licia and Treu, Tommaso and Riess, Adam G.},
  title = {Tensions between the early and late Universe},
  journal = {Nature Astronomy},
  publisher = {Springer Science and Business Media LLC},
  volume = {3},
  number = {10},
  pages = {891–895},
  year = {2019},
  month = {09},
  issn = {2397-3366},
  doi = {10.1038/s41550-019-0902-0},
  URL = {http://dx.doi.org/10.1038/s41550-019-0902-0},
}

@article{Knox20,
   author = {Knox, L. and Millea, M.},
   title = {Hubble constant hunter’s guide},
   journal = {Physical Review D},
   publisher = {American Physical Society (APS)},
   volume = {101},
   number = {4},
   year = {2020},
   month = {02},
   issn = {2470-0029},
   doi = {10.1103/physrevd.101.043533},
   URL = {http://dx.doi.org/10.1103/PhysRevD.101.043533},
}


%%%%%%%%%%%%%%%%%%%%%%%%%%%%%%%%%%%%%%%%%%%%%%%%%%%%%%%%%%%%%%%%%%%%%%%%%%%%%%%%
% Surveys & Strong lenses in numbers
@article{HLS,
	author = {Egami, E. and Rex, M. and Rawle, T. D. and Pérez-González, P. G.
  and Richard, J. and Kneib, J.-P. and Schaerer, D. and Altieri, B.
  and Valtchanov, I. and Blain, A. W. and Fadda, D. and Zemcov, M.
  and Bock, J. J. and Boone, F. and Bridge, C. R. and Clement, B.
  and Combes, F. and Dessauges-Zavadsky, M. and Dowell, C. D. and Ilbert, O.
  and Ivison, R. J. and Jauzac, M. and Lutz, D. and Metcalfe, L.
  and Omont, A. and Pelló, R. and Pereira, M. J. and Rieke, G. H.
  and Rodighiero, G. and Smail, I. and Smith, G. P. and Tramoy, G.
  and Walth, G. L. and van der Werf, P. and Werner, M. W.},
	title = {The Herschel Lensing Survey (HLS): Overview},
	journal = {Astronomy \& Astrophysics},
	volume = {518},
	pages = {L12},
	year = {2010},
	doi = {10.1051/0004-6361/201014696},
	URL = {https://doi.org/10.1051/0004-6361/201014696}
}

@article{CFHTLenS,
  author = {Heymans, Catherine and van Waerbeke, Ludovic and Miller, Lance
  and Erben, Thomas and Hildebrandt, Hendrik and Hoekstra, Henk
  and Kitching, Thomas D. and Mellier, Yannick and Simon, Patrick
  and Bonnett, Christopher and Coupon, Jean and Fu, Liping
  and Harnois-Déraps, Joachim and Hudson, Michael J. and Kilbinger, Martin
  and Kuijken, Koenraad and Rowe, Barnaby and Schrabback, Tim
  and Semboloni, Elisabetta and van Uitert, Edo and Vafaei, Sanaz
  and Velander, Malin},
  title = {CFHTLenS: the Canada–France–Hawaii Telescope Lensing Survey},
  journal = {Monthly Notices of the Royal Astronomical Society},
  volume = {427},
  number = {1},
  pages = {146},
  year = {2012},
  doi = {10.1111/j.1365-2966.2012.21952.x},
  URL = {http://dx.doi.org/10.1111/j.1365-2966.2012.21952.x}
}

@article{SLACS13,
   author = {Shu, Yiping and Brownstein, Joel R. and Bolton, Adam S. and Koopmans, Léon V. E. and Treu, Tommaso and Montero-Dorta, Antonio D. and Auger, Matthew W. and Czoske, Oliver and Gavazzi, Raphaël and Marshall, Philip J. and et al.},
   title = {The Sloan Lens ACS Survey. XIII. Discovery of 40 New Galaxy-scale Strong Lenses},
   journal = {The Astrophysical Journal},
   volume = {851},
   number = {1},
   pages = {48},
   publisher = {American Astronomical Society},
   year = {2017},
   month = {Dec},
   issn = {1538-4357},
   URL = {http://dx.doi.org/10.3847/1538-4357/aa9794},
   doi = {10.3847/1538-4357/aa9794},
}

@article{SLACS5,
   author = {Adam S. Bolton and Scott Burles and L{\'{e}}on V. E. Koopmans and Tommaso Treu and Raphaël Gavazzi and Leonidas A. Moustakas and Randall Wayth and David J. Schlegel},
   title = {The Sloan Lens {ACS} Survey. V. The Full {ACS} Strong-Lens Sample},
   journal = {The Astrophysical Journal},
   publisher = {{IOP} Publishing},
   volume = {682},
   number = {2},
   pages = {964--984},
   year = {2008},
   month = {aug},
   doi = {10.1086/589327},
   url = {https://doi.org/10.1086%2F589327},
}

@article{SLACS1,
   author = {Adam S. Bolton and Scott Burles and Leon V. E. Koopmans and Tommaso Treu and Leonidas A. Moustakas},
   title = {The Sloan Lens {ACS} Survey. I. A Large Spectroscopically Selected Sample of Massive Early-Type Lens Galaxies},
   journal = {The Astrophysical Journal},
   publisher = {{IOP} Publishing},
   volume = {638},
   number = {2},
   pages = {703--724},
   year = {2006},
   month = {feb},
   doi = {10.1086/498884},
   url = {https://doi.org/10.1086%2F498884},
}

@article{Ferreras07,
   author = {Ignacio Ferreras and Prasenjit Saha and Scott Burles},
   title = {Unveiling dark haloes in lensing galaxies},
   journal = {Monthly Notices of the Royal Astronomical Society},
   publisher = {Oxford University Press ({OUP})},
   volume = {383},
   number = {3},
   pages = {857--863},
   year = {2007},
   month = {dec},
   doi = {10.1111/j.1365-2966.2007.12606.x},
   url = {https://doi.org/10.1111%2Fj.1365-2966.2007.12606.x},
}

@article{Vegetti14,
   author = {S. Vegetti and L. V. E. Koopmans and M. W. Auger and T. Treu and A. S. Bolton},
   title = {Inference of the cold dark matter substructure mass function at z  0.2 using strong gravitational lenses},
   journal = {Monthly Notices of the Royal Astronomical Society},
   publisher = {Oxford University Press ({OUP})},
   volume = {442},
   number = {3},
   pages = {2017--2035},
   year = {2014},
   month = {jun},
   doi = {10.1093/mnras/stu943},
   url = {https://doi.org/10.1093%2Fmnras%2Fstu943},
}
  
@article{Collett15,
  author = {Collett, Thomas~E.},
  title = {The Population of Galaxy–Galaxy Strong Lenses in Forthcoming Optical
  Imaging Surveys},
  journal = {Astrophysical Journal},
  volume = {811},
  number = {1},
  pages = {20},
  year = {2015},
  URL = {http://stacks.iop.org/0004-637X/811/i=1/a=20}
}

@article{LSSTScienceBook,
  author = {Abell, P.~A. and Allison, J. and Anderson, S.~F. and Andrew, J.~R.
  and Angel, J.~R.~P. and Armus, L. and Arnett, D. and Asztalos, S.~J.
  and Axelrod, T.~S. and Bailey, S and others},
  title = {LSST Science Book, Version 2.0},
  archivePrefix = {arXiv},
  eprint = {0912.0201},
  year={2009}
}

@proceeding{LSST,
  author = {Gressler, W. and DeVries, J. and Hileman, E. and Neill, D. R.
  and Sebag, J.  and Wiecha, O. and Andrew, J. and Lotz, P.
  and Schoening, W.},
  title = {LSST Telescope and site status},
  journal = {Proc. SPIE},
  volume = {9145},
  number = {},
  pages = {91451A-91451A-11},
  year = {2014},
  doi = {10.1117/12.2056711},
  URL = {http://dx.doi.org/10.1117/12.2056711}
}

@article{STRIDES,
   author = {T Treu and A Agnello and M A Baumer and S Birrer and E J Buckley-Geer and F Courbin and Y J Kim and H Lin and P J Marshall and B Nord and P L Schechter and P R Sivakumar and L E Abramson and T Anguita and Y Apostolovski and M W Auger and J H H Chan and G C F Chen and T E Collett and C D Fassnacht and J-W Hsueh and C Lemon and R G McMahon and V Motta and F Ostrovski and K Rojas and C E Rusu and P Williams and J Frieman and G Meylan and S H Suyu and T M C Abbott and F B Abdalla and S Allam and J Annis and S Avila and M Banerji and D Brooks and A Carnero Rosell and M Carrasco Kind and J Carretero and F J Castander and C B D'Andrea and L N da~Costa and J De~Vicente and P Doel and T F Eifler and B Flaugher and P Fosalba and J Garc{\'{\i}}a-Bellido and D A Goldstein and D Gruen and R A Gruendl and G Gutierrez and W G Hartley and D Hollowood and K Honscheid and D J James and K Kuehn and N Kuropatkin and M Lima and M A G Maia and P Martini and F Menanteau and R Miquel and A A Plazas and A K Romer and E Sanchez and V Scarpine and R Schindler and M Schubnell and I Sevilla-Noarbe and M Smith and R C Smith and M Soares-Santos and F Sobreira and E Suchyta and M E C Swanson and G Tarle and D Thomas and D L Tucker and A R Walker},
   title = {The {STRong} lensing Insights into the Dark Energy Survey ({STRIDES}) 2016 follow-up campaign {\textendash} I. Overview and classification of candidates selected by two techniques},
   journal = {Monthly Notices of the Royal Astronomical Society},
   publisher = {Oxford University Press ({OUP})},
   volume = {481},
   number = {1},
   pages = {1041--1054},
   year = {2018},
   month = {aug},
   doi = {10.1093/mnras/sty2329},
   url = {https://doi.org/10.1093%2Fmnras%2Fsty2329},
}


%%%%%%%%%%%%%%%%%%%%%%%%%%%%%%%%%%%%%%%%%%%%%%%%%%%%%%%%%%%%%%%%%%%%%%%%%%%%%%%%
% False color image stacking
@article{Lupton04,
  author = {Lupton, Robert and Blanton, Michael R. and Fekete, George
  and Hogg, David W. and O’Mullane, Wil and Szalay, Alex and Wherry, Nicholas},
  title = {Preparing Red-Green-Blue Images from CCD Data},
  journal = {Publications of the Astronomical Society of the Pacific},
  volume = {116},
  number = {816},
  pages = {133},
  year = {2004},
  URL = {http://stacks.iop.org/1538-3873/116/i=816/a=133}
}


%%%%%%%%%%%%%%%%%%%%%%%%%%%%%%%%%%%%%%%%%%%%%%%%%%%%%%%%%%%%%%%%%%%%%%%%%%%%%%%%
% Machine-based search algorithms
@article{ArcFinder,
  author = {Alard, C.},
  title = {Automated detection of gravitational arcs},
  journal = {ArXiv e-prints},
  archivePrefix = {arXiv},
  eprint = {astro-ph/0606757},
  year = {2006},
  keywords = {Astrophysics}
}

@article{More12,
  author = {More, A. and Cabanac, R. and More, S. and Alard, C.
  and Limousin, M. and Kneib, J-P. and Gavazzi, R. and Motta, V.},
  title = {The CFHTLS–Strong Lensing Legacy Survey (SL2S):
  Investigating the Group-scale Lenses with the SARCS Sample},
  journal = {Astrophysical Journal},
  volume = {749},
  number = {1},
  pages = {38},
  year = {2012},
  URL = {http://stacks.iop.org/0004-637X/749/i=1/a=38}
}

@article{RingFinder,
  author = {Gavazzi, Raphaël and Marshall, Philip J. and Treu, Tommaso
  and Sonnenfeld, Alessandro},
  title = {RINGFINDER: Automated Detection of Galaxy-scale Gravitational Lenses
  in Ground-based Multi-filter Imaging Data},
  journal = {Astrophysical Journal},
  volume = {785},
  number = {2},
  pages = {144},
  year = {2014},
  URL = {http://stacks.iop.org/0004-637X/785/i=2/a=144}
}

@article{PCAFinder,
	author = {Paraficz, D. and Courbin, F. and Tramacere, A. and Joseph, R.
  and Metcalf, R. B. and Kneib, J.-P. and Dubath, P. and Droz, D.
  and Filleul, F. and Ringeisen, D. and Schäfer, C.},
	title = {The PCA Lens-Finder: application to CFHTLS},
	journal = {Astronomy \& Astrophysics},
	volume = {592},
	pages = {A75},
	year = {2016},
	doi = {10.1051/0004-6361/201527971},
	URL = {https://doi.org/10.1051/0004-6361/201527971}
}

@article{DeepLens,
  author = {Lanusse, F. and Ma, Q. and Li, N. and Collett, T.~E. and Li, C.-L.
  and Ravanbakhsh, S. and Mandelbaum, R. and Poczos, B.},
  title = {CMU DeepLens: Deep Learning For Automatic Image-based Galaxy-Galaxy
  Strong Lens Finding},
  journal = {Monthly Notices of the Royal Astronomical Society},
  volume = {473},
  number = {3},
  pages = {3895-3906},
  year = {2017},
  month = {07},
  issn = {0035-8711},
  doi = {10.1093/mnras/stx1665},
  URL = {https://doi.org/10.1093/mnras/stx1665},
}

@article{Jacobs17,
  author = {Jacobs, C. and Glazebrook, K. and Collett, T. and More, A.
  and McCarthy, C.},
  title = {Finding strong lenses in CFHTLS using convolutional neural networks},
  journal = {Monthly Notices of the Royal Astronomical Society},
  volume = {471},
  number = {1},
  pages = {167-181},
  year = {2017},
  month = {06},
  doi = {10.1093/mnras/stx1492},
  URL = {https://doi.org/10.1093/mnras/stx1492},
}


%%%%%%%%%%%%%%%%%%%%%%%%%%%%%%%%%%%%%%%%%%%%%%%%%%%%%%%%%%%%%%%%%%%%%%%%%%%%%%%%
% Citizen Science
@article{Kueng15,
  author = {K\"ung, Rafael and Saha, Prasenjit and More, Anupreeta
  and Baeten, Elisabeth and Coles, Jonathan and Cornen, Claude
  and Macmillan, Christine and Marshall, Phil and More, Surhud
  and Odermatt, Jonas and Verma, Aprajita and Wilcox, Julianne K.},
  title = {Gravitational lens modelling in a citizen science context},
  journal = {Monthly Notices of the Royal Astronomical Society},
  volume = {447},
  number = {3},
  pages = {2170},
  year = {2015},
  doi = {10.1093/mnras/stu2554},
  URL = {http://dx.doi.org/10.1093/mnras/stu2554}
}

@article{Kueng18,
  author = {K\"ung, Rafael and Saha, Prasenjit and Ferreras, Ignacio
  and Baeten, Elisabeth and Coles, Jonathan and Cornen, Claude
  and Macmillan, Christine and Marshall, Phil and More, Anupreeta
  and Oswald, Lucy and Verma, Aprajita and Wilcox, Julianne K},
  title = {Models of gravitational lens candidates from Space Warps CFHTLS},
  journal = {Monthly Notices of the Royal Astronomical Society},
  volume = {474},
  number = {3},
  pages = {3700-3713},
  year = {2018},
  doi = {10.1093/mnras/stx3012},
  URL = {http://dx.doi.org/10.1093/mnras/stx3012}
}

@article{SW1,
  author = {Marshall, Philip J. and Verma, Aprajita and More, Anupreeta
  and Davis, Christopher P. and More, Surhud and Kapadia, Amit
  and Parrish, Michael and Snyder, Chris and Wilcox, Julianne
  and Baeten, Elisabeth and Macmillan, Christine and Cornen, Claude
  and Baumer, Michael and Simpson, Edwin and Lintott, Chris J.
  and Miller, David and Paget, Edward and Simpson, Robert and Smith, Arfon M.
  and K\"ung, Rafael and Saha, Prasenjit and Collett, Thomas E.},
  title = {Space Warps -- I. Crowdsourcing the discovery of
  gravitational lenses},
  journal = {Monthly Notices of the Royal Astronomical Society},
  volume = {455},
  number = {2},
  pages = {1171},
  year = {2016},
  doi = {10.1093/mnras/stv2009},
  URL = {http://dx.doi.org/10.1093/mnras/stv2009}
}

@article{SW2,
  author = {More, Anupreeta and Verma, Aprajita and Marshall, Philip J.
  and More, Surhud and Baeten, Elisabeth and Wilcox, Julianne
  and Macmillan, Christine and Cornen, Claude and Kapadia, Amit
  and Parrish, Michael and Snyder, Chris and Davis, Christopher P.
  and Gavazzi, Raphael and Lintott, Chris J. and Simpson, Robert
  and Miller, David and Smith, Arfon M. and Paget, Edward and Saha, Prasenjit
  and K\"ung, Rafael and Collett, Thomas E.},
  title = {Space Warps -- II. New gravitational lens candidates from the CFHTLS
  discovered through citizen science},
  journal = {Monthly Notices of the Royal Astronomical Society},
  volume = {455},
  number = {2},
  pages = {1191},
  year = {2016},
  doi = {10.1093/mnras/stv1965},
  URL = {http://dx.doi.org/10.1093/mnras/stv1965}
}


%%%%%%%%%%%%%%%%%%%%%%%%%%%%%%%%%%%%%%%%%%%%%%%%%%%%%%%%%%%%%%%%%%%%%%%%%%%%%%%%
% Automatic modelling
@article{AutoLens,
  author = {Nightingale, J W and Dye, S and Massey, Richard J},
  title = {AutoLens: automated modeling of a strong lens’s light, mass,
  and source},
  journal = {Monthly Notices of the Royal Astronomical Society},
  volume = {478},
  number = {4},
  pages = {4738-4784},
  month = {05},
  year = {2018},
  doi = {10.1093/mnras/sty1264},
  URL = {https://doi.org/10.1093/mnras/sty1264}
}

@article{Hezaveh17,
  author = {Hezaveh, Yashar D. and Levasseur, Laurence Perreault
  and Marshall, Philip J.},
  title = {Fast automated analysis of strong gravitational lenses with
  convolutional neural networks},
  journal = {Nature},
  volume = {548},
  pages = {555--557},
  year = {2017},
  doi = {10.1038/nature23463},
  URL = {https://doi.org/10.1038/nature23463}
}


%%%%%%%%%%%%%%%%%%%%%%%%%%%%%%%%%%%%%%%%%%%%%%%%%%%%%%%%%%%%%%%%%%%%%%%%%%%%%%%%
% Steepness degeneracy
@article{Saha2000,
  author = {Saha, Prasenjit},
  title = {Lensing Degeneracies Revisited},
  journal = {Astronomical Journal},
  volume = {120},
  number = {4},
  pages = {1654},
  year = {2000},
  doi = {10.1086/301581},
  URL = {http://stacks.iop.org/1538-3881/120/i=4/a=1654}
}

@inbook{SahaBook2000,
  author = {{Saha}, P.},
  title = {Gravitational Lensing},
  booktitle = {``Encyclopedia of Astronomy and Astrophysics,
  Edited by Paul Murdin,
  article id. 2631.
  Bristol: Institute of Physics Publishing, 2001.
  <A href=''http://eaa.iop.org/abstract/0333750888/2631``>
  http://eaa.iop.org/abstract/0333750888/2631</A>''},
  year = {2000},
  editor = {{Murdin}, P.},
  eid = {2631},
  pages = {2631},
  doi = {10.1888/0333750888/2631},
  adsurl = {https://ui.adsabs.harvard.edu/abs/2000eaa..bookE2631S}
}

@article{Saha06,
  author = {Saha, Prasenjit and Williams, Liliya L. R.},
  title = {Gravitational Lensing Model Degeneracies:
  Is Steepness All-Important?},
  journal = {Astrophysical Journal},
  volume = {653},
  number = {2},
  pages = {936},
  year = {2006},
  URL = {http://stacks.iop.org/0004-637X/653/i=2/a=936}
}

@article{SchneiderSluse14,
  author = {{Schneider}, Peter and {Sluse}, Dominique},
  title = "{Source-position transformation: an approximate invariance in
  strong gravitational lensing}",
  journal = {Astronomy and Astrophysics},
  year = {2014},
  month = {Apr},
  volume = {564},
  eid = {A103},
  pages = {A103},
  doi = {10.1051/0004-6361/201322106}
}

@article{Walls18,
   author = {Levi G Walls and Liliya L R Williams},
   title = {Testing the uniqueness of gravitational lens mass models},
   journal = {Monthly Notices of the Royal Astronomical Society},
   publisher = {Oxford University Press ({OUP})},
   volume = {481},
   number = {1},
   pages = {655--665},
   year = {2018},
   month = {aug},
   doi = {10.1093/mnras/sty2263},
   url = {https://doi.org/10.1093%2Fmnras%2Fsty2263},
}

@article{Kochanek20,
   author = {C S Kochanek},
   title = {Overconstrained gravitational lens models and the Hubble constant},
   journal = {Monthly Notices of the Royal Astronomical Society},
   publisher = {Oxford University Press ({OUP})},
   volume = {493},
   number = {2},
   pages = {1725--1735},
   year = {2020},
   month = {feb},
   doi = {10.1093/mnras/staa344},
   url = {https://doi.org/10.1093%2Fmnras%2Fstaa344},
}


%%%%%%%%%%%%%%%%%%%%%%%%%%%%%%%%%%%%%%%%%%%%%%%%%%%%%%%%%%%%%%%%%%%%%%%%%%%%%%%%
% Parametric modelling
@article{Keeton10,
  author = {Keeton, Charles R.},
  title = {On modeling galaxy-scale strong lens systems},
  journal = {General Relativity and Gravitation},
  year = {2010},
  month = {9},
  day = {01},
  volume = {42},
  number = {9},
  pages = {2151-2176},
  issn = {1572-9532},
  doi = {10.1007/s10714-010-1041-1},
  URL = {https://doi.org/10.1007/s10714-010-1041-1}
}

@article{Tessore15a,
  author = {{Tessore}, N. and {Bellagamba}, F. and {Metcalf}, R.~B.},
  title = {LENSED: a code for the forward reconstruction of lenses and sources
  from strong lensing observations},
  journal = {Monthly Notices of the Royal Astronomical Society},
  volume = {463},
  pages = {3115-3128},
  year = {2016},
  month = {12},
  doi = {10.1093/mnras/stw2212},
  archivePrefix = {arXiv},
  eprint = {1505.07674},
  adsurl = {http://adsabs.harvard.edu/abs/2016MNRAS.463.3115T},
  adsnote = {Provided by the SAO/NASA Astrophysics Data System}
}

@article{Metcalf14,
  author = {{Metcalf}, R.~B. and {Petkova}, M.},
  title = {GLAMER - I. A code for gravitational lensing simulations
  with adaptive mesh refinement},
  journal = {Monthly Notices of the Royal Astronomical Society},
  volume = {445},
  pages = {1942-1953},
  year = {2014},
  month = {12},
  doi = {10.1093/mnras/stu1859},
  archivePrefix = {arXiv},
  eprint = {1312.1128},
  adsurl = {http://adsabs.harvard.edu/abs/2014MNRAS.445.1942M},
  adsnote = {Provided by the SAO/NASA Astrophysics Data System}
}

@article{Petkova14,
  author = {{Petkova}, M. and {Metcalf}, R.~B. and {Giocoli}, C.},
  title = {GLAMER - II. Multiple-plane gravitational lensing},
  journal = {Monthly Notices of the Royal Astronomical Society},
  volume = {445},
  pages = {1954-1966},
  year = {2014},
  month = {12},
  doi = {10.1093/mnras/stu1860},
  archivePrefix = {arXiv},
  eprint = {1312.1536},
  adsurl = {http://adsabs.harvard.edu/abs/2014MNRAS.445.1954P},
  adsnote = {Provided by the SAO/NASA Astrophysics Data System}
}

@article{Bellagamba17,
  author = {{Bellagamba}, F. and {Tessore}, N. and {Metcalf}, R.~B.},
  title = {Zooming into the Cosmic Horseshoe: new insights on the lens profile
  and the source shape},
  journal = {Monthly Notices of the Royal Astronomical Society},
  archivePrefix = {arXiv},
  eprint = {1610.06003},
  volume = {464},
  pages = {4823-4834},
  year = {2017},
  month = {2},
  doi = {10.1093/mnras/stw2726},
  adsurl = {http://adsabs.harvard.edu/abs/2017MNRAS.464.4823B},
  adsnote = {Provided by the SAO/NASA Astrophysics Data System}
}

@article{Lenstronomy,
   author = {Simon Birrer and Adam Amara},
   title = {lenstronomy: Multi-purpose gravitational lens modelling software package},
   journal = {Physics of the Dark Universe},
   publisher = {Elsevier {BV}},
   volume = {22},
   pages = {189--201},
   year = {2018},
   month = {dec},
   doi = {10.1016/j.dark.2018.11.002},
   url = {https://doi.org/10.1016%2Fj.dark.2018.11.002},
}

@article{GLEE,
   author = {Ak{\i}n Y{\i}ld{\i}r{\i}m and Sherry H Suyu and Aleksi Halkola},
   title = {Time-delay cosmographic forecasts with strong lensing and {JWST} stellar kinematics},
   journal = {Monthly Notices of the Royal Astronomical Society},
   publisher = {Oxford University Press ({OUP})},
   volume = {493},
   number = {4},
   pages = {4783--4807},
   year = {2020},
   month = {feb},
   doi = {10.1093/mnras/staa498},
   url = {https://doi.org/10.1093%2Fmnras%2Fstaa498},
}


%%%%%%%%%%%%%%%%%%%%%%%%%%%%%%%%%%%%%%%%%%%%%%%%%%%%%%%%%%%%%%%%%%%%%%%%%%%%%%%%
% Source reconstructions
@article{Warren03,
	author = {Warren, S. J. and Dye, S.},
	title = {Semilinear Gravitational Lens Inversion},
	journal = {Astrophysical Journal},
	volume = {590},
	number = {2},
	pages = {673--682},
	year = {2003},
	month = {6},
	doi = {10.1086/375132},
	URL = {https://doi.org/10.1086%2F375132}
}

@article{Dye05,
	author = {Dye, S. and Warren, S. J.},
	title = {Decomposition of the Visible and Dark Matter
  in the Einstein Ring 0047-2808 by Semilinear Inversion},
	journal = {Astrophysical Journal},
	volume = {623},
	number = {1},
	pages = {31--41},
	year = {2005},
	month = {4},
	doi = {10.1086/428340},
	URL = {https://doi.org/10.1086%2F428340}
}

@article{Brewer06,
	author = {Brewer, B. J. and Lewis, G. F.},
	title = {The Einstein Ring 0047-2808 Revisited: A Bayesian Inversion},
	journal = {Astrophysical Journal},
	volume = {651},
	number = {1},
	pages = {8--13},
	year = {2006},
	month = {11},
	doi = {10.1086/507475},
	URL = {https://doi.org/10.1086%2F507475},
}

@article{Suyu06,
    author = {Suyu, S. H. and Marshall, P. J. and Hobson, M. P.
    and Blandford, R. D.},
    title = {A Bayesian analysis of regularized source inversions
    in gravitational lensing},
    journal = {Monthly Notices of the Royal Astronomical Society},
    volume = {371},
    number = {2},
    pages = {983-998},
    year = {2006},
    month = {08},
    issn = {0035-8711},
    doi = {10.1111/j.1365-2966.2006.10733.x},
    URL = {https://doi.org/10.1111/j.1365-2966.2006.10733.x}
}

@article{Vegetti09,
    author = {Vegetti, S. and Koopmans, L. V. E.},
    title = {Bayesian strong gravitational-lens modelling on adaptive grids:
    objective detection of mass substructure in Galaxies},
    journal = {Monthly Notices of the Royal Astronomical Society},
    volume = {392},
    number = {3},
    pages = {945-963},
    year = {2009},
    month = {01},
    issn = {0035-8711},
    doi = {10.1111/j.1365-2966.2008.14005.x},
    URL = {https://doi.org/10.1111/j.1365-2966.2008.14005.x}
}

@article{Tagore14,
    author = {Tagore, Amitpal S. and Keeton, Charles R.},
    title = {Statistical and systematic uncertainties in pixel-based source
    reconstruction algorithms for gravitational lensing},
    journal = {Monthly Notices of the Royal Astronomical Society},
    volume = {445},
    number = {1},
    pages = {694-710},
    year = {2014},
    month = {09},
    issn = {0035-8711},
    doi = {10.1093/mnras/stu1671},
    URL = {https://doi.org/10.1093/mnras/stu1671}
}


%%%%%%%%%%%%%%%%%%%%%%%%%%%%%%%%%%%%%%%%%%%%%%%%%%%%%%%%%%%%%%%%%%%%%%%%%%%%%%%%
% Free-form modelling
@article{Abdelsalam98,
  author = {AbdelSalam, H. M. and Saha, P. and Williams, L. L. R.},
  title = {Non-parametric reconstruction of cluster mass distribution
  from strong lensing: modelling Abell 370},
  journal = {Monthly Notices of the Royal Astronomical Society},
  volume = {294},
  pages = {734-746},
  year = {1998},
  month = {4},
  doi = {10.1046/j.1365-8711.1998.01356.x}
}
  
@article{Saha97,
  author = {Saha, P. and Williams, L.~L.~R.},
  title = {Non-parametric reconstruction of the galaxy lens in PG 1115+080},
  journal = {Monthly Notices of the Royal Astronomical Society},
  volume = {292},
  pages = {148},
  year = {1997},
  month = {11},
  doi = {10.1093/mnras/292.1.148}
}

@article{Williams2000,
  author = {{Williams}, Liliya L.~R. and {Saha}, Prasenjit},
  title = {Pixelated Lenses and H$_{0}$ from Time-Delay Quasars},
  journal = {Astronomical Journal},
  year = {2000},
  month = {Feb},
  volume = {119},
  number = {2},
  pages = {439-450},
  doi = {10.1086/301234}
}

@article{Liesenborgs06,
  author = {Liesenborgs, J. and De Rijcke, S. and Dejonghe, H.},
  title = "{A genetic algorithm for the non-parametric inversion of
  strong lensing systems}",
  journal = {Monthly Notices of the Royal Astronomical Society},
  volume = {367},
  pages = {1209-1216},
  year = {2006},
  month = {04},
  doi = {10.1111/j.1365-2966.2006.10040.x}
}
  
@article{PixeLens,
  author = {Saha, Prasenjit and Williams, Liliya L. R.},
  title = {A Portable Modeler of Lensed Quasars},
  journal = {Astronomical Journal},
  volume = {127},
  number = {5},
  pages = {2604},
  year = {2004},
  doi = {10.1086/383544},
  URL = {http://stacks.iop.org/1538-3881/127/i=5/a=2604}
}

@article{Lubini12,
  author = {{Lubini}, Mario and {Coles}, Jonathan},
  title = {A sampling strategy for high-dimensional spaces applied to
  free-form gravitational lensing},
  journal = {Monthly Notices of the Royal Astronomical Society},
  year = {2012},
  month = {Oct},
  volume = {425},
  number = {4},
  pages = {3077-3084},
  doi = {10.1111/j.1365-2966.2012.21673.x}
}

@article{GLASS,
  author = {Coles, Jonathan P. and Read, Justin I. and Saha, Prasenjit},
  title = {Gravitational lens recovery with glass: measuring the mass profile
  and shape of a lens},
  journal = {Monthly Notices of the Royal Astronomical Society},
  volume = {445},
  number = {3},
  pages = {2181},
  year = {2014},
  doi = {10.1093/mnras/stu1781},
  URL = {http://dx.doi.org/10.1093/mnras/stu1781}
}

@article{SpL-stack,
  author = {{K{\"u}ng}, Rafael},
  title = {SPAGHETTILENS: A software stack for modeling gravitational lenses
  by citizen scientists},
  journal = {Astronomy and Computing},
  year = {2018},
  month = {Apr},
  volume = {23},
  eid = {115},
  pages = {115},
  doi = {10.1016/j.ascom.2018.02.007}
}


%%%%%%%%%%%%%%%%%%%%%%%%%%%%%%%%%%%%%%%%%%%%%%%%%%%%%%%%%%%%%%%%%%%%%%%%%%%%%%%%
% Challenges and tests
@article{FrontierFieldsTest,
  author = {{Meneghetti}, M. and {Natarajan}, P. and {Coe}, D. and {Contini}, E.
  and {De Lucia}, G. and {Giocoli}, C. and {Acebron}, A. and {Borgani}, S. and
  {Bradac}, M. and {Diego}, J.~M. and {Hoag}, A. and {Ishigaki}, M. and
  {Johnson}, T.~L. and {Jullo}, E. and {Kawamata}, R. and {Lam}, D. and
  {Limousin}, M. and {Liesenborgs}, J. and {Oguri}, M. and {Sebesta}, K. and
  {Sharon}, K. and {Williams}, L.~L.~R. and {Zitrin}, A.},
  title = {The Frontier Fields lens modelling comparison project},
  journal = {Monthly Notices of the Royal Astronomical Society},
  year = {2017},
  month = {Dec},
  volume = {472},
  number = {3},
  pages = {3177-3216},
  doi = {10.1093/mnras/stx2064},
  adsurl = {https://ui.adsabs.harvard.edu/abs/2017MNRAS.472.3177M},
}


%%%%%%%%%%%%%%%%%%%%%%%%%%%%%%%%%%%%%%%%%%%%%%%%%%%%%%%%%%%%%%%%%%%%%%%%%%%%%%%%
% Photometry
@article{bpz,
  author = {Narciso Ben\'itez},
  title = {Bayesian Photometric Redshift Estimation},
  journal = {Astrophysical Journal},
  volume = {536},
  number = {2},
  pages = {571},
  year = {2000},
  URL = {http://stacks.iop.org/0004-637X/536/i=2/a=571}
}


%%%%%%%%%%%%%%%%%%%%%%%%%%%%%%%%%%%%%%%%%%%%%%%%%%%%%%%%%%%%%%%%%%%%%%%%%%%%%%%%
% Stellar masses
@article{SalpeterIMF,
  author = {Salpeter, E.~E.},
  title = {The Luminosity Function and Stellar Evolution},
  journal = {Astrophysical Journal},
     year = {1955},
    month = {jan},
   volume = {121},
    pages = {161},
      doi = {10.1086/145971}
}

@article{ChabrierIMF,
  author = {Chabrier, Gilles},
  title = {Galactic Stellar and Substellar Initial Mass Function},
  journal = {Publications of the Astronomical Society of the Pacific},
  volume = {115},
  number = {809},
  pages = {763},
  year = {2003},
  URL = {http://stacks.iop.org/1538-3873/115/i=809/a=763}
}

@article{BruzualCharlot03,
  author = {Bruzual, G. and Charlot, S.},
  title = {Stellar population synthesis at the resolution of 2003},
  journal = {Monthly Notices of the Royal Astronomical Society},
  volume = {344},
  number = {4},
  pages = {1000--1028},
  year = {2003},
  doi = {10.1046/j.1365-8711.2003.06897.x},
  URL = {http://dx.doi.org/10.1046/j.1365-8711.2003.06897.x}
}

@article{CCM88,
  author = {Cardelli, J.~A. and Clayton, G.~C. and Mathis, J.~S.},
  title = {The determination of ultraviolet extinction from the optical
  and near-infrared},
  journal = {Astrophysical Journal, Part 2 -- Letters},
  volume = {329},
  pages = {L33--L37},
  year = {1988},
  month = {jun},
  doi = {10.1086/185171}
}

@article{CCM89,
  author = {Cardelli, J.~A. and Clayton, G.~C. and Mathis, J.~S.},
  title = {The relationship between infrared, optical, and
  ultraviolet extinction},
  journal = {Astrophysical Journal, Part 1},
  volume = {345},
  pages = {245--256},
  year = {1989},
  month = {oct},
  doi = {10.1086/167900}
}


%%%%%%%%%%%%%%%%%%%%%%%%%%%%%%%%%%%%%%%%%%%%%%%%%%%%%%%%%%%%%%%%%%%%%%%%%%%%%%%%
% Rotation curves (21-cm lines, stars, etc.)
@article{Ablimit20,
   author = {Iminhaji Ablimit and Gang Zhao and Chris Flynn and Sarah A. Bird},
   title = {The Rotation Curve, Mass Distribution, and Dark Matter Content of the Milky Way from Classical Cepheids},
   journal = {The Astrophysical Journal},
   publisher = {American Astronomical Society},
   volume = {895},
   number = {1},
   pages = {L12},
   year = {2020},
   month = {May},
   doi = {10.3847/2041-8213/ab8d45},
   url = {https://doi.org/10.3847%2F2041-8213%2Fab8d45},
}

@article{MartinezMedina20,
   author = {Luis A Martinez-Medina and Barbara Pichardo and Antonio Peimbert},
   title = {The imprint of arms and bars on rotation curves: in-plane and off-plane},
   journal = {Monthly Notices of the Royal Astronomical Society},
   publisher = {Oxford University Press ({OUP})},
   year = {2020},
   month = {jun},
   doi = {10.1093/mnras/staa1677},
   url = {https://doi.org/10.1093%2Fmnras%2Fstaa1677},
}

@article{Cautun20,
   author = {Marius Cautun and Alejandro Ben{\'{\i}}tez-Llambay and Alis J Deason and Carlos S Frenk and Azadeh Fattahi and Facundo A G{\'{o}}mez and Robert J J Grand and Kyle A Oman and Julio F Navarro and Christine M Simpson},
   title = {The milky way total mass profile as inferred from Gaia {DR}2},
   journal = {Monthly Notices of the Royal Astronomical Society},
   publisher = {Oxford University Press ({OUP})},
   volume = {494},
   number = {3},
   pages = {4291--4313},
   year = {2020},
   month = {apr},
   doi = {10.1093/mnras/staa1017},
   url = {https://doi.org/10.1093%2Fmnras%2Fstaa1017},
}

@article{Bovy12,
   author = {Jo Bovy and Carlos Allende Prieto and Timothy C. Beers and Dmitry Bizyaev and Luiz N. da Costa and Katia Cunha and Garrett L. Ebelke and Daniel J. Eisenstein and Peter M. Frinchaboy and Ana Elia Garc{\'{\i}}a P{\'{e}}rez and L{\'{e}}o Girardi and Fred R. Hearty and David W. Hogg and Jon Holtzman and Marcio A. G. Maia and Steven R. Majewski and Elena Malanushenko and Viktor Malanushenko and Szabolcs M{\'{e}}sz{\'{a}}ros and David L. Nidever and Robert W. O{\textquotesingle}Connell and Christine O{\textquotesingle}Donnell and Audrey Oravetz and Kaike Pan and Helio J. Rocha-Pinto and Ricardo P. Schiavon and Donald P. Schneider and Mathias Schultheis and Michael Skrutskie and Verne V. Smith and David H. Weinberg and John C. Wilson and Gail Zasowski},
   title = {{THE} {MILKY} {WAY}{\textquotesingle}S {CIRCULAR}-{VELOCITY} {CURVE} {BETWEEN} 4 {AND} 14 kpc {FROM} {APOGEE} {DATA}},
   journal = {The Astrophysical Journal},
   publisher = {{IOP} Publishing},
   volume = {759},
   number = {2},
   pages = {131},
   year = {2012},
   month = {oct},
   doi = {10.1088/0004-637x/759/2/131},
   url = {https://doi.org/10.1088%2F0004-637x%2F759%2F2%2F131},
}

@article{Wang20,
   author = {Bitao Wang and Michele Cappellari and Yingjie Peng and Mark Graham},
   title = {{SDSS}-{IV} {MaNGA}: The kinematic-morphology of galaxies on the mass versus star-formation relation in different environments},
   journal = {Monthly Notices of the Royal Astronomical Society},
   publisher = {Oxford University Press ({OUP})},
   volume = {495},
   number = {2},
   pages = {1958--1977},
   year = {2020},
   month = {may},
   doi = {10.1093/mnras/staa1325},
   url = {https://doi.org/10.1093%2Fmnras%2Fstaa1325},
}

@incollection{Bosma17,
   author = {Albert Bosma},
   title = {Hi in the Outskirts of Nearby Galaxies},
   publisher = {Springer International Publishing},
   pages = {209--254},
   year = {2017},
   doi = {10.1007/978-3-319-56570-5_7},
   url = {https://doi.org/10.1007%2F978-3-319-56570-5_7},
}

@article{Davies83,
   author = {R. L. Davies and G. Efstathiou and S. M. Fall and G. Illingworth and P. L. Schechter},
   title = {The kinematic properties of faint elliptical galaxies},
   journal = {The Astrophysical Journal},
   publisher = {{IOP} Publishing},
   volume = {266},
   pages = {41},
   year = {1983},
   month = {mar},
   doi = {10.1086/160757},
   url = {https://doi.org/10.1086%2F160757},
}

@article{Schechter80,
   author = {P. L. Schechter},
   title = {Mass-to-light ratios for elliptical galaxies},
   journal = {The Astronomical Journal},
   publisher = {{IOP} Publishing},
   volume = {85},
   pages = {801},
   year = {1980},
   month = {jul},
   doi = {10.1086/112742},
   url = {https://doi.org/10.1086%2F112742},
}

%%%%%%%%%%%%%%%%%%%%%%%%%%%%%%%%%%%%%%%%%%%%%%%%%%%%%%%%%%%%%%%%%%%%%%%%%%%%%%%%
% EAGLE simulations and related stuff
@article{EAGLE,
  author = {Schaye, Joop and Crain, Robert A. and Bower, Richard G.
  and Furlong, Michelle and Schaller, Matthieu and Theuns, Tom
  and Dalla Vecchia, Claudio and Frenk, Carlos S. and McCarthy, I. G.
  and Helly, John C. and Jenkins, Adrian and Rosas-Guevara, Y. M.
  and White, Simon D. M. and Baes, Maarten and Booth, C. M. and Camps, Peter
  and Navarro, Julio F. and Qu, Yan and Rahmati, Alireza and Sawala, Till
  and Thomas, Peter A. and Trayford, James},
  title = "{The EAGLE project: simulating the evolution and assembly of
  galaxies and their environments}",
  journal = {Monthly Notices of the Royal Astronomical Society},
  volume = {446},
  number = {1},
  pages = {521-554},
  year = {2014},
  month = {11},
  issn = {0035-8711},
  doi = {10.1093/mnras/stu2058},
  url = {https://doi.org/10.1093/mnras/stu2058},
  eprint = {http://oup.prod.sis.lan/mnras/article-pdf/446/1/521/4139718/stu2058.pdf}
}

@article{Crain15,
  author = {{Crain}, R.~A. and {Schaye}, J. and {Bower}, R.~G.
  and {Furlong}, M. and {Schaller}, M. and {Theuns}, T. and {Dalla Vecchia}, C.
  and {Frenk}, C.~S. and {McCarthy}, I.~G. and {Helly}, J.~C. and {Jenkins}, A.
  and {Rosas-Guevara}, Y.~M. and {White}, S.~D.~M. and {Trayford}, J.~W.},
  title = {The EAGLE simulations of galaxy formation: calibration of
  subgrid physics and model variations},
  journal = {Monthly Notices of the Royal Astronomical Society},
  Volume = {450},
  pages = {1937--1961},
  year = {2015},
  month = {6},
  doi = {10.1093/mnras/stv725},
  URL = {https://doi.org/10.1093/mnras/stv725}
}

@article{McAlpine16,
  author = {{McAlpine}, S. and {Helly}, J.~C. and {Schaller}, M.
  and {Trayford}, J.~W. and {Qu}, Y. and {Furlong}, M. and {Bower}, R.~G.
  and {Crain}, R.~A. and {Schaye}, J. and {Theuns}, T. and {Dalla Vecchia}, C.
  and {Frenk}, C.~S. and {McCarthy}, I.~G. and {Jenkins}, A.
  and {Rosas-Guevara}, Y. and {White}, S.~D.~M. and {Baes}, M. and {Camps}, P.
  and {Lemson}, G.},
  title = {The EAGLE simulations of galaxy formation: Public release of halo
  and galaxy catalogues},
  journal = {Astronomy and Computing},
  volume = {15},
  pages = {72--89},
  year = {2016},
  month = {4},
  doi = {10.1016/j.ascom.2016.02.004},
  URL = {https://doi.org/10.1016/j.ascom.2016.02.004}
}

@article{Schaller15,
  Author = {{Schaller}, M. and {Frenk}, C.~S. and {Bower}, R.~G.
  and {Theuns}, T. and {Jenkins}, A. and {Schaye}, J. and {Crain}, R.~A.
  and {Furlong}, M. and {Dalla Vecchia}, C. and {McCarthy}, I.~G.},
  title = {Baryon effects on the internal structure of {$\Lambda$}CDM haloes
  in the EAGLE simulations},
  journal = {Monthly Notices of the Royal Astronomical Society},
  volume = {451},
  pages = {1247--1267},
  year = {2015},
  month = {8},
  doi = {10.1093/mnras/stv1067},
  URL = {https://doi.org/10.1093/mnras/stv1067}
}

@article{Furlong15a,
  author = {{Furlong}, M. and {Bower}, R.~G. and {Theuns}, T. and {Schaye}, J.
  and {Crain}, R.~A. and {Schaller}, M. and {Dalla Vecchia}, C.
  and {Frenk}, C.~S. and {McCarthy}, I.~G. and {Helly}, J. and {Jenkins}, A.
  and {Rosas-Guevara}, Y.~M.},
  title = {Evolution of galaxy stellar masses and star formation rates in
  the EAGLE simulations},
  journal = {Monthly Notices of the Royal Astronomical Society},
  volume = 450,
  pages = {4486-4504},
  year = 2015,
  month = jul,
  doi = {10.1093/mnras/stv852},
  URL = {https://doi.org/10.1093/mnras/stv852}
}

@article{Furlong15b,
  author = {{Furlong}, M. and {Bower}, R.~G. and {Crain}, R.~A. and {Schaye}, J.
  and {Theuns}, T. and {Trayford}, J.~W. and {Qu}, Y. and {Schaller}, M.
  and {Berthet}, M. and {Helly}, J.~C.},
  title = {Size evolution of normal and compact galaxies
  in the EAGLE simulation},
  journal = {Monthly Notices of the Royal Astronomical Society},
  volume = {465},
  pages = {722--738},
  year = {2017},
  month = {2},
  doi = {10.1093/mnras/stw2740}
}

@article{Trayford15,
  author = {{Trayford}, J.~W. and {Theuns}, T. and {Bower}, R.~G.
  and {Schaye}, J. and {Furlong}, M. and {Schaller}, M. and {Frenk}, C.~S.
  and {Crain}, R.~A. and {Dalla Vecchia}, C. and {McCarthy}, I.~G.},
  title = {Colours and luminosities of z = 0.1 galaxies
  in the EAGLE simulation},
  journal = {Monthly Notices of the Royal Astronomical Society},
  volume = {452},
  pages = {2879--2896},
  year = {2015},
  month = {9},
  doi = {10.1093/mnras/stv1461},
  URL = {https://doi.org/10.1093/mnras/stv1461}
}

@article{Schaye10,
  author = {{Schaye}, J. and {Dalla Vecchia}, C. and {Booth}, C.~M.
  and {Wiersma}, R.~P.~C. and {Theuns}, T. and {Haas}, M.~R. and {Bertone}, S.
  and {Duffy}, A.~R. and {McCarthy}, I.~G. and {van de Voort}, F.},
  journal = {Monthly Notices of the Royal Astronomical Society},
  title = {{The physics driving the cosmic star formation history}},
  volume = {402},
  pages = {1536--1560},
  year = {2010},
  month = {3},
  doi = {10.1111/j.1365-2966.2009.16029.x},
  URL = {https://doi.org/10.1111/j.1365-2966.2009.16029.x}
}
  
@article{SEAGLE-I,
  author = {Mukherjee, Sampath and Koopmans, Léon V E and Metcalf, R Benton
  and Tessore, Nicolas and Tortora, Crescenzo and Schaller, Matthieu
  and Schaye, Joop and Crain, Robert A and Vernardos, Georgios
  and Bellagamba, Fabio and Theuns, Tom},
  title = {SEAGLE – I. A pipeline for simulating and modelling strong lenses
  from cosmological hydrodynamic simulations},
  journal = {Monthly Notices of the Royal Astronomical Society},
  volume = {479},
  number = {3},
  pages = {4108-4125},
  year = {2018},
  month = {07},
  issn = {0035-8711},
  doi = {10.1093/mnras/sty1741},
  URL = {https://doi.org/10.1093/mnras/sty1741},
  eprint = {http://oup.prod.sis.lan/mnras/article-pdf/479/3/4108/25170031/sty1741.pdf}
}

@article{SEAGLE-II,
  author = {{Mukherjee}, Sampath and {Koopmans}, Leon V.~E.
  and {Metcalf}, R. Benton and {Tortora}, Crescenzo and {Schaller}, Matthieu
  and {Schaye}, Joop and {Vernardos}, Giorgos and {Bellagamba}, Fabio},
  title = {SEAGLE--II: Constraints on feedback models in galaxy formation
  from massive early type strong lens galaxies},
  journal = {arXiv e-prints},
  year = {2019},
  month = {01},
  eid = {arXiv:1901.01095},
  eprint = {1901.01095},
  adsurl = {https://ui.adsabs.harvard.edu/abs/2019arXiv190101095M},
  adsnote = {Provided by the SAO/NASA Astrophysics Data System}
}


%%%%%%%%%%%%%%%%%%%%%%%%%%%%%%%%%%%%%%%%%%%%%%%%%%%%%%%%%%%%%%%%%%%%%%%%%%%%%%%%
% FIRE simulations and related stuff
@article{AMIGA1,
  author = {Gill, Stuart P. D. and Knebe, Alexander and Gibson, Brad K.},
  title = {The evolution of substructure - I. A new identification method},
  journal = {Monthly Notices of the Royal Astronomical Society},
  volume = {351},
  number = {2},
  pages = {399-409},
  year = {2004},
  doi = {10.1111/j.1365-2966.2004.07786.x},
  URL = {http://dx.doi.org/10.1111/j.1365-2966.2004.07786.x}
}

@article{AMIGA2,
  author = {Knollmann, Steffen R. and Knebe, Alexander},
  title = {AHF: Amiga's Halo Finder},
  journal = {Astrophysical Journal, Supplement},
  volume = {182},
  number = {2},
  pages = {608},
  year = {2009},
  URL = {http://stacks.iop.org/0067-0049/182/i=2/a=608}
}


%%%%%%%%%%%%%%%%%%%%%%%%%%%%%%%%%%%%%%%%%%%%%%%%%%%%%%%%%%%%%%%%%%%%%%%%%%%%%%%%
% Misc
@article{Barnabe11,
  author = {{Barnab\`e{}}, Matteo and {Czoske}, Oliver
  and {Koopmans}, Léon V. E. and {Treu}, Tommaso and {Bolton}, Adam S.},
  title = {Two-dimensional kinematics of SLACS lenses – III. Mass structure
  and dynamics of early-type lens galaxies beyond z $\cong$ 0.1},
  journal = {Monthly Notices of the Royal Astronomical Society},
  volume = {415},
  number = {3},
  pages = {2215-2232},
  year = {2011},
  month = {8},
  issn = {0035-8711},
  doi = {10.1111/j.1365-2966.2011.18842.x},
  URL = {https://doi.org/10.1111/j.1365-2966.2011.18842.x}
}

@article{Suyu10,
	author = {{Suyu}, S. H. and {Halkola}, A.},
	title = {The halos of satellite galaxies: the companion of
  the massive elliptical lens SL2S544-0121},
	journal = {A\&A},
	volume = {524},
	pages = {A94},
	year = {2010},
	doi = {10.1051/0004-6361/201015481},
	URL = {https://doi.org/10.1051/0004-6361/201015481}
}


@article{Oguri05,
  author = {Oguri, Masamune and Keeton, Charles~R. and Dalal, Neal},
  title = {The impact of lens galaxy environments on the image separation
  distribution},
  journal = {Monthly Notices of the Royal Astronomical Society},
  volume = {364},
  number = {4},
  pages = {1451},
  year = {2005},
  doi = {10.1111/j.1365-2966.2005.09697.x},
  URL = {http://dx.doi.org/10.1111/j.1365-2966.2005.09697.x}
}

@article{Oguri06,
  author = {Oguri, Masamune},
  title = {The image separation distribution of strong lenses:
  halo versus subhalo populations},
  journal = {Monthly Notices of the Royal Astronomical Society},
  volume = {367},
  number = {3},
  pages = {1241},
  year = {2006},
  doi = {10.1111/j.1365-2966.2006.10043.x},
  URL = {http://dx.doi.org/10.1111/j.1365-2966.2006.10043.x}
}

@article{Oguri10,
  author = {Oguri, Masamune and Marshall, Philip~J.},
  title = {Gravitationally lensed quasars and supernovae in future wide-field
  optical imaging surveys},
  journal = {Monthly Notices of the Royal Astronomical Society},
  volume = {405},
  number = {4},
  pages = {2579},
  year = {2010},
  doi = {10.1111/j.1365-2966.2010.16639.x},
  URL = {http://dx.doi.org/10.1111/j.1365-2966.2010.16639.x}
}

@article{Oguri12,
  author = {Oguri, Masamune and Bayliss, Matthew~B. and Dahle, Håkon
  and Sharon, Keren and Gladders, Michael~D. and Natarajan, Priyamvada
  and Hennawi, Joseph~F. and Koester, Benjamin~P.},
  title = {Combined strong and weak lensing analysis of 28 clusters
  from the Sloan Giant Arcs Survey*},
  journal = {Monthly Notices of the Royal Astronomical Society},
  volume = {420},
  number = {4},
  pages = {3213},
  year = {2012},
  doi = {10.1111/j.1365-2966.2011.20248.x},
  URL = {http://dx.doi.org/10.1111/j.1365-2966.2011.20248.x}
}

@article{Limousin08,
	author = {Limousin, M. and Richard, J. and Kneib, J.-P. and Brink, H.
  and Pelló, R. and Jullo, E. and Tu, H. and Sommer-Larsen, J. and Egami, E.
  and Michałowski, M. J. and Cabanac, R. and Stark, D. P.},
	title = {Strong lensing in Abell 1703: constraints on the slope
  of the inner dark matter distribution},
	journal = {A&A},
	volume = {489},
	number = {1},
	pages = {23-35},
	year = {2008},
	doi= {10.1051/0004-6361:200809646},
	URL= {https://doi.org/10.1051/0004-6361:200809646}
}


%%%%%%%%%%%%%%%%%%%%%%%%%%%%%%%%%%%%%%%%%%%%%%%%%%%%%%%%%%%%%%%%%%%%%%%%%%%%%%%%
% Code references
@Misc{scipy,
  author = {Eric Jones and Travis Oliphant and Pearu Peterson and others},
  title = {{SciPy}: Open source scientific tools for {Python}},
  year = {2001},
  url = {http://www.scipy.org/},
  note = {[Online; accessed <today>]}
}

@article{cython,
  title = {Cython: The best of both worlds},
  author = {Behnel, Stefan and Bradshaw, Robert and Citro, Craig
  and Dalcin, Lisandro and Seljebotn, Dag Sverre and Smith, Kurt},
  journal = {Computing in Science \& Engineering},
  volume = {13},
  number = {2},
  pages = {31--39},
  year = {2011},
  publisher = {IEEE}
}
